3160 5054
294 558 309 602 6
679 553 760 609 Qum
777 553 994 603 luls'romults

293 696 332 757 ad
347 696 433 774 quod
448 696 565 757 reserat
579 699 695 768 cetera,
713 695 908 756 dillerentias
924 713 975 756 eas
992 699 1094 756 certas
1106 695 1201 756 habet
1215 713 1250 756 ac
1265 695 1378 756 defini-

293 817 350 872 tas.
380 810 514 872 Mundus
533 814 641 870 autem
665 811 864 872 Aristotelius
881 828 953 871 oum
974 810 1014 871 sit
1035 810 1168 884 animal,
1191 810 1378 872 differentiae

294 927 356 987 illae
369 927 419 987 vel
431 926 567 986 maxime
581 925 613 984 in
625 925 745 987 mundo
761 926 963 986 invenientur
977 944 984 986 :
1000 926 1060 986 erit
1072 926 1168 1004 igitur
1180 926 1290 987 mundi
1304 927 1380 988 dex-

293 1047 342 1102 tra
366 1041 511 1120 quaedam
533 1058 622 1119 pars,
649 1041 703 1102 ubi
725 1041 866 1102 oriantur
886 1045 985 1116 astra,
1008 1041 1198 1119 sinistraque
1220 1042 1274 1103 ubi
1297 1043 1380 1102 occi-

295 1157 384 1229 dant3
402 1157 462 1217 erit
483 1173 657 1228 summum,
675 1173 738 1234 quo
751 1157 833 1216 levio
853 1155 1032 1230 subvolent,
1055 1157 1218 1234 imumque
1237 1156 1277 1216 ad
1296 1157 1380 1235 quod

294 1273 401 1351 gravia
422 1271 624 1334 descendant.
654 1273 743 1333 Nunc
765 1288 855 1343 vero,
883 1272 909 1331 si
931 1271 1191 1332 animadverteris
1215 1271 1379 1332 bominem

294 1404 422 1465 quoque
435 1403 503 1447 esse
518 1386 651 1464 animal,
665 1387 698 1446 in
719 1404 783 1464 quo
801 1405 866 1447 non
878 1387 943 1466 jam
963 1387 1126 1447 immobile
1141 1389 1283 1461 moneat,
1300 1387 1381 1447 sicut

294 1503 328 1562 in
343 1503 475 1576 mundo,
491 1501 571 1562 illud
587 1501 672 1579 quod
688 1484 830 1563 medium
846 1505 907 1573 est,
927 1501 982 1562 sed
998 1518 1236 1579 quoquoversus
1251 1502 1379 1576 feratur,

295 1617 363 1677 fieri
387 1634 480 1695 posse
501 1616 667 1696 intelleges
691 1620 726 1677 ut
743 1617 924 1677 immobiles
947 1617 1099 1689 munduS,
1121 1617 1255 1677 mobiles
1275 1620 1381 1678 autem

294 1732 391 1792 homo
410 1731 538 1792 easdem
553 1731 748 1792 differentias
768 1732 892 1794 habeat.
911 1731 1027 1792 -Sed
1045 1732 1112 1810 J'em
1127 1731 1165 1791 ed
1183 1732 1382 1810 propositum

295 1850 501 1908 revertamur.
519 1848 640 1907 Locum
661 1846 796 1908 dicimus
819 1864 888 1908 esse
908 1847 1042 1925 aliquid,
1064 1851 1173 1924 utpote
1193 1847 1382 1908 differentiis

295 1961 389 2023 certis
405 1961 571 2022 inmundo
589 1961 769 2024 delinitum.

336 2078 408 2137 Jam
426 2094 502 2137 vero
522 2080 552 2137 et
566 2077 874 2155 argumentationem
893 2077 982 2138 illam
1004 2077 1240 2138 enucleabimus
1259 2095 1328 2155 quae
1344 2077 1383 2136 ad

296 2193 411 2271 figuras
438 2192 645 2270 geometricas
668 2193 818 2271 pertinet.
845 2216 860 2247 «
886 2196 947 2253 llos
972 2192 1219 2266 mathematice,
1240 2191 1384 2270 quamvis

299 2331 313 2362 «
329 2325 392 2368 non
408 2307 518 2367 sintin
534 2308 620 2378 loco,
637 2311 743 2367 tamen
763 2308 941 2369 secundum
956 2307 1148 2387 positionem
1168 2311 1310 2368 nostram
1328 2307 1385 2368 ha-

299 2446 313 2477 «
329 2423 406 2483 bent
425 2422 534 2482 dextra
553 2422 700 2499 quaedam
720 2440 755 2483 ao
774 2423 915 2498 sinistro,
938 2441 1025 2501 qum,
1047 2440 1110 2483 non
1125 2426 1305 2501 comparata
1327 2441 1385 2483 na-

299 2561 313 2592 «
330 2541 414 2608 turo,
439 2555 477 2597 ex
499 2537 659 2616 positione
681 2538 902 2599 tantummodo
924 2536 1160 2598 nominantur⁴.
1184 2561 1198 2594 ν
1220 2574 1259 2581 -
1272 2541 1387 2598 Natura

297 2653 427 2731 quidem
440 2670 476 2713 ea
487 2670 551 2713 non
562 2670 630 2714 esse
647 2657 826 2732 comparata
836 2653 1029 2726 noverimus
1043 2653 1069 2713 si
1083 2653 1388 2714 consideraverimus

297 2769 502 2847 geometricas
521 2769 636 2847 figures
655 2786 718 2828 non
743 2786 812 2828 esse
832 2769 996 2840 animalia,
1019 2769 1118 2828 immo
1139 2769 1235 2828 etiam
1255 2768 1387 2829 omnino

297 2901 361 2944 non
375 2901 460 2958 esse,
481 2883 542 2943 nisi
562 2883 727 2944 mentibus·
742 2884 859 2944 nostris
876 2884 1058 2944 informatas
1070 2881 1094 2944 ².
1116 2883 1265 2954 Quaedam
1280 2887 1388 2944 autem

298 2999 331 3058 in
342 2997 393 3058 his
404 2997 512 3058 dextra
523 2999 615 3060 nobis
627 2998 739 3070 videri,
758 2999 902 3077 quaedam
920 2999 1058 3073 sinistra,
1072 3016 1109 3058 ex
1128 3016 1165 3059 eo
1183 2999 1389 3076 consequitur

298 3113 383 3192 quod
408 3113 602 3174 differentias
626 3113 847 3194 hujuscemodi
871 3132 889 3174 a
911 3131 1042 3192 corpore
1065 3117 1174 3174 nostro
1204 3114 1244 3174 ed
1271 3114 1388 3191 ligures

299 3229 383 3302 ilico,
401 3247 458 3308 pro
474 3229 645 3308 excogitata
666 3229 818 3308 cujusque
836 3229 1014 3307 positione,
1037 3229 1268 3290 transferimus,
1287 3231 1388 3306 Argu-

299 3348 408 3405 mento
431 3345 570 3424 denique
592 3343 660 3405 hoec
684 3361 752 3405 esse
776 3345 957 3424 intellegeS,
978 3345 1005 3404 si
1027 3344 1105 3405 illud
1128 3344 1202 3404 inde
1224 3343 1388 3422 collegeris

331 3572 364 3636 (l)
381 3571 460 3634 Phys.
475 3574 521 3632 lv,
535 3576 590 3632 208,
605 3571 628 3631 b,
641 3578 671 3622 22
684 3590 690 3620 :
704 3574 773 3632 δηλοῖ
784 3573 811 3622 δὲ
822 3573 863 3622 καὶ
875 3572 906 3620 τὰ
919 3572 1087 3636 μαθηματικά·
1099 3573 1144 3620 οὐκ
1154 3572 1211 3620 ὄντα
1224 3571 1270 3638 γὰρ
1286 3572 1309 3620 ἐν
1319 3570 1388 3633 τόπῳ

299 3663 364 3726 ὅμως
374 3662 440 3711 κατὰ
452 3663 495 3720 τήν
511 3663 575 3711 θέσιν
590 3663 633 3721 τὴν
644 3662 702 3728 πρὸς
713 3665 776 3726 ἡμᾶς
791 3662 843 3726 ἔχει
858 3661 924 3718 δεξιὰ
936 3663 977 3710 καὶ
989 3661 1124 3727 ἀριστερά,
1140 3665 1173 3718 ὡς
1185 3661 1217 3708 τὰ
1233 3661 1306 3724 μόνον
1317 3660 1387 3723 λεγό-

300 3766 362 3814 μενα
374 3751 413 3800 διὰ
424 3751 489 3800 θέσιν
502 3752 547 3800 οὐκ
558 3751 646 3816 ἔχοντα
657 3746 727 3815 φύσει
738 3752 832 3801 τούτων
842 3752 956 3801 ἕκαστον.
968 3749 1086 3814 Legimus
1099 3753 1130 3805 ὡς
1140 3749 1172 3798 τὰ
1184 3750 1258 3813 μόνον
1269 3749 1390 3812 λεγόμενοι
1446 3802 1453 3813 ,

300 3837 340 3888 διὰ
352 3840 427 3900 θέσιν,
440 3842 547 3889 auctore
559 3839 691 3902 Simplicio
704 3840 752 3903 (ed.
765 3839 844 3898 Diels,
856 3853 881 3902 p.
895 3844 949 3898 525,
963 3839 1026 3901 526).
1041 3837 1221 3900 uonJeoturam
1231 3836 1302 3886 nullo
1313 3836 1390 3886 modo

300 3929 468 3978 necessariam
483 3929 559 3991 (ὥστε
574 3929 645 3992 μόνον
663 3929 744 3978 αὐτῶν
759 3931 868 3978 νοεῖσθαι
883 3928 927 3986 τὴν
947 3926 1023 3989 θέσιν)
1036 3925 1178 3976 Alexander
1197 3925 1270 3985 fecit,
1289 3925 1390 3975 codices

300 4016 349 4071 sibi
363 4021 564 4081 assumpserunt.
580 4017 651 4078 (Vid.
667 4017 793 4082 simplic.²
808 4015 849 4066 ed.
865 4016 950 4076 Diels,
966 4029 991 4078 p.
1009 4019 1067 4073 526,
1081 4014 1099 4064 l.
1118 4019 1147 4064 16
1161 4015 1229 4078 sqq.)

330 4106 363 4170 (2)
380 4107 417 4157 cf.
431 4106 553 4170 itletoplz.
566 4109 637 4166 Xlll,
650 4112 719 4166 1092,
732 4120 755 4166 a,
770 4111 796 4156 17
812 4124 817 4156 :
831 4106 923 4155 ἄτοπον
936 4106 962 4154 δὲ
973 4107 1016 4154 καὶ
1027 4106 1055 4154 τὸ
1065 4105 1141 4154 τόπον
1153 4105 1205 4167 ἅμα
1217 4107 1269 4159 τοῖς
1280 4107 1390 4168 στερεοῖς

298 4193 339 4244 καὶ
352 4200 400 4251 τοῖς
413 4197 590 4258 μαθηματικοῖς
601 4201 712 4255 ποιῆσαι·
724 4197 737 4244 θ
750 4195 792 4258 μὲν
804 4195 851 4259 γὰρ
862 4195 937 4251 τόπος
950 4197 999 4242 τῶν
1014 4191 1073 4242 καθ’
1087 4193 1192 4242 ἕκαστον
1201 4192 1271 4250 ἴδιος,
1285 4191 1322 4240 διὸ
1337 4207 1388 4252 χω-

297 4283 371 4349 ριστὰ
381 4282 459 4348 τόπῳ“
473 4283 504 4334 τὰ
516 4284 542 4333 δὲ
555 4284 712 4348 μαθηματικὰ
726 4283 754 4332 οὐ
770 4288 827 4333 ποῦ.
