3160 5054
598 331 605 368 i

580 536 622 584 DE
639 534 725 584 Loco
742 534 907 583 SENSERIT.
1253 538 1285 583 37

171 679 173 684 '
202 682 322 757 Exque
343 696 417 740 cum
435 677 624 739 concludere
646 677 759 738 debeat
777 677 915 754 aequales
935 693 1005 737 esse
1025 677 1058 736 in
1080 694 1180 737 vacuo
1201 678 1284 738 cele-

200 795 325 864 ritates,
338 794 421 854 effici
436 793 556 854 mavult
573 797 607 853 ut
622 792 701 852 nihil
716 792 848 852 omnino
862 809 996 852 vacuum
1010 793 1062 852 sit.

242 911 451 971 Transeamus
470 926 554 970 nunc
574 927 593 969 a
611 885 751 986 physicis
772 907 1066 985 mathematicisque
1089 908 1284 986 argumentis

201 1026 240 1086 ad
259 1043 295 1086 ea
308 1043 377 1103 quae
396 1024 532 1102 quodam
552 1023 648 1084 modo
667 1023 883 1101 metaphysica
902 1026 1019 1100 queant
1036 1021 1109 1082 dici.
1129 1022 1284 1083 Pedeten-

201 1141 259 1201 tim
278 1139 365 1200 enim
385 1143 416 1200 et
434 1138 590 1218 gradatim
606 1138 645 1198 ad
664 1138 866 1216 propositum
884 1155 976 1198 suum
993 1137 1181 1198 Aristoteles
1197 1155 1285 1198 acce·

202 1255 248 1316 dit
265 1274 272 1316 :
287 1255 373 1333 quod
385 1272 535 1316 vocamus
548 1254 659 1327 inane,
675 1253 707 1314 id
721 1252 799 1312 nihil
813 1253 899 1313 atiud
914 1271 983 1314 esse
997 1254 1060 1313 nisi
1081 1253 1283 1314 intervallum

201 1370 283 1432 inter
296 1371 375 1431 fines
390 1370 531 1449 corporis
545 1369 763 1446 interjectum,
781 1369 1005 1445 immeritoque
1020 1386 1038 1428 a
1053 1386 1086 1428 re
1104 1368 1174 1446 ipsa
1191 1385 1283 1446 sepa-

200 1490 316 1546 ratum.
340 1487 375 1546 ln
394 1503 468 1546 eum
490 1461 603 1545 saltem
623 1484 755 1544 modum
778 1484 969 1544 sententiam
990 1483 1070 1544 hauc
1093 1484 1283 1562 interpreta-

200 1618 282 1672 mur,
306 1601 360 1661 ubi
383 1600 566 1678 ambiguam
587 1600 652 1659 vim
679 1599 865 1660 Aristoteles
888 1599 986 1660 verbo
1007 1598 1096 1660 vacui
1120 1598 1249 1676 subjicit
1273 1616 1281 1658 :

202 1716 321 1787 «Quod
346 1715 455 1776 dicunt
473 1732 621 1786 vacuum,
644 1714 722 1775 illud
744 1732 818 1774 vere
842 1714 1035 1792 proprieque
1059 1730 1194 1774 vacuum
1212 1730 1282 1774 esse

202 1853 216 1886 ν
239 1831 414 1902 videbitur,
448 1830 473 1890 si
500 1848 557 1909 per
585 1847 618 1890 se
647 1829 882 1890 consideratum
910 1814 1039 1890 fuerit⁴.
1075 1852 1090 1886 ν
1121 1828 1283 1907 Significat

200 1947 385 2006 Aristoteles
405 1946 513 2018 inane,
531 1946 557 2005 si
576 1945 670 2006 fuerit
689 1962 746 2023 per
761 1963 810 2018 se,
836 1945 964 2004 nomine
985 1962 1022 2004 eo
1042 1961 1116 2005 vere
1137 1944 1281 2022 proprie-

201 2079 262 2138 que
277 2061 418 2122 suturum
431 2079 500 2122 esse
515 2061 659 2139 dignum,
676 2061 826 2139 quoniam
841 2060 964 2120 nullum
978 2059 1096 2138 poterit
1111 2075 1225 2136 corpus
1236 2058 1282 2118 ibi

200 2176 364 2236 contineri.
386 2177 506 2248 Quibus
525 2180 632 2238 autem
653 2175 830 2236 rationibus
855 2175 915 2235 hoc
938 2175 1150 2248 confirmetur,
1174 2173 1281 2234 videa-

200 2309 280 2352 mus.

237 2408 410 2479 hessorum,
424 2407 560 2486 exempli
576 2407 686 2486 gratia,
699 2407 724 2467 si
740 2407 812 2484 quis
822 2407 964 2484 posuerit
979 2406 1011 2466 in
1028 2424 1109 2484 aqua
1126 2409 1182 2466 aut
1195 2423 1289 2478 aere.

198 2526 320 2584 tantum
339 2540 429 2600 aquae
449 2523 570 2583 aerisve
591 2523 681 2582 cedet
701 2526 817 2600 quanta
839 2523 899 2582 erit
919 2523 1104 2582 tesseram
1124 2521 1210 2580 inani
1230 2538 1282 2582 au·

197 2642 262 2698 tem
278 2633 351 2698 cum
364 2637 444 2698 nihil
459 2638 560 2718 possit
575 2638 703 2712 cedere,
719 2641 845 2716 oportet
859 2637 944 2698 idem
961 2637 1175 2708 intervallum,
1194 2636 1280 2716 quod

197 2757 288 2813 antea
305 2770 362 2832 per
379 2771 411 2813 se
428 2753 461 2812 in
475 2753 560 2812 inani
574 2753 756 2824 exsistebat,
775 2769 859 2813 nunc
877 2769 934 2830 per
952 2756 1104 2812 tesseram
1124 2756 1278 2828 permeet.

198 2870 238 2929 At
250 2885 324 2928 vero
337 2868 589 2947 magnitudinem
604 2867 764 2945 quandam
778 2871 899 2928 tessera
913 2867 1022 2941 habet,
1046 2866 1210 2926 intervallo
1226 2865 1280 2926 isti

198 2985 352 3061 aequalem
371 3002 378 3044 :
397 3001 468 3062 quae
491 2984 633 3061 quamvis
656 2987 793 3061 nequeat
814 2984 966 3061 separari,
989 2983 1096 3042 differt
1114 2985 1222 3042 tamen
1241 2982 1280 3068 ab

197 3099 346 3159 omnibus
361 3099 575 3178 qualitatibus
589 3098 794 3160 Intervallum
809 3098 905 3177 igitur
920 3099 1012 3158 inane
1028 3098 1105 3158 dum
1120 3096 1280 3175 magnitu-

197 3214 271 3274 dine
285 3219 413 3276 tesserae
433 3219 615 3293 occupatur,
630 3218 757 3293 oportet
772 3217 826 3274 aut
847 3213 916 3273 duae
934 3231 985 3273 res
1006 3213 1105 3273 altera
1129 3213 1162 3271 in
1180 3211 1280 3272 altera

198 3329 272 3404 sint,
288 3347 351 3407 quo
365 3330 443 3390 nihil
458 3330 667 3390 videturesse
686 3329 864 3400 absurdius,
882 3333 935 3388 aut
947 3345 1081 3389 vacuum
1096 3326 1181 3405 quod
1199 3326 1279 3386 dici-

196 3461 267 3505 mus
283 3445 483 3506 intervallum
498 3445 578 3505 nihil
594 3445 679 3506 aliud
702 3445 743 3504 sit
762 3444 823 3503 nisi
842 3444 1028 3522 magnitudo
1050 3443 1119 3521 ipsa
1137 3446 1276 3511 tesserae,

196 3560 357 3620 immerito
371 3577 390 3620 a
404 3563 523 3620 tessera
539 3564 682 3638 separata
692 3557 716 3618 ².

228 3736 260 3799 (1)
280 3736 360 3799 Phys.
377 3737 419 3793 IV,
437 3740 491 3795 216,
506 3750 528 3796 a,
545 3742 574 3785 26
594 3755 598 3786 :
615 3738 656 3785 καὶ
671 3735 730 3786 καθ’
744 3737 803 3785 αὑτὸ
818 3735 845 3785 δὲ
859 3740 979 3785 σκοποῦσι
994 3732 1079 3797 φανείη
1095 3734 1123 3782 ἂν
1137 3733 1165 3781 τὸ
1178 3733 1280 3795 λεγόμε-

195 3842 238 3874 νον
251 3825 321 3874 κενὸν
337 3829 369 3881 ὡς
384 3825 478 3883 ἀληθῶς
490 3825 571 3874 κενόν.

228 3919 260 3976 [2)
276 3913 352 3976 Phys.
372 3915 414 3972 tv,
435 3917 489 3972 216,
507 3927 530 3972 a,
547 3919 576 3963 33
597 3933 602 3964 :
618 3915 659 3962 διὰ
673 3915 700 3963 δὲ
714 3919 757 3962 τοῦ
773 3903 854 3964 ntideo
865 3914 893 3963 τὸ
909 3914 964 3961 ἴσον
979 3911 1105 3973 διάστημα
1119 3906 1282 3966 διεληλυθέναι

197 4001 299 4061 δόξειεν,
313 4002 370 4064 ὅπερ
381 4001 409 4062 ἦν
423 4004 464 4050 καὶ
479 4002 597 4068 πρότερον
612 4005 636 4052 ἐν
651 4008 685 4065 τῷ
703 4007 780 4066 κενῷ,
797 4003 880 4064 ὥσπερ
899 4003 927 4050 ἂν
943 4001 964 4049 εἰ
978 4001 1005 4049 τὸ
1019 4000 1083 4062 ὕδωρ
1103 4000 1134 4062 μή
1151 3995 1279 4060 μεθίστατο

195 4095 230 4153 τῷ
243 4090 326 4154 ξυλίνῳ
339 4090 406 4155 adep
420 4091 477 4153 μηδ’
492 4093 505 4140 ὁ
519 4092 574 4157 ἀήρ,
591 4093 652 4141 ἀλλὰ
665 4093 743 4156 πάντῃ
756 4093 854 4156 διῄεσαν
865 4090 898 4140 δι*
910 4090 994 4138 αὐτοῦ.
1012 4089 1081 4140 Ἀλλὰ
1094 4089 1140 4150 μὴν
1155 4087 1196 4134 καὶ
1211 4087 1224 4133 ὁ
1239 4084 1279 4133 κύ·
1329 4120 1332 4134 .

197 4178 238 4234 6ος
250 4194 277 4239 γε
292 4179 343 4242 ἔχει
354 4184 471 4230 τοσοῦτον
486 4180 592 4244 μέγεθος,
606 4182 663 4230 ὅσον
678 4182 773 4244 κατέχει
787 4182 815 4230 τὸ
829 4178 908 4228 κενὸν*
926 4179 974 4226 dei
994 4179 1036 4226 καὶ
1051 4178 1136 4242 θερμὸν
1155 4177 1170 4234 ἢ
1185 4176 1278 4238 ψυχρόν

197 4267 262 4315 ἐστιν
276 4269 291 4326 ἣ
307 4269 396 4332 βαρὺῆ
414 4273 514 4332 κοῦφον,
535 4269 603 4318 οὐδὲν
619 4270 691 4330 ἧττον
710 4270 791 4334 ἕτερον
807 4273 843 4332 τῷ
861 4269 921 4317 εἶναι
940 4267 1038 4316 πάντων
1061 4270 1108 4314 τῶν
1129 4262 1279 4325 παθημάτων
