3160 5054
535 537 578 586 ΒΕ
594 536 680 587 Loco
699 537 866 588 SENSERIT.
1214 540 1244 586 75

160 681 346 754 obstrictus,
363 680 468 741 locum
482 683 588 740 tamen
599 697 656 758 pro
670 681 772 758 spatio
785 680 1010 742 substituisset.
1024 681 1103 752 Quas
1117 683 1149 740 in
1159 681 1243 741 hunc

158 797 223 856 tere
238 796 370 856 modum
386 795 612 856 describemus

199 915 261 973 Nos
274 911 434 989 equidem,
450 928 523 971 cum
532 911 669 988 spatium
676 913 783 970 mente
795 911 1014 988 concipiamus
1027 912 1241 988 indefinitum,

159 1026 319 1105 qualitatis
338 1043 374 1086 ac
393 1005 581 1086 differentia
603 1025 733 1086 omnino
756 1043 882 1104 expers,
904 1029 1035 1105 corpora
1060 1044 1242 1101 censemus,

158 1145 267 1221 utpote
282 1142 321 1201 ad
336 1141 476 1220 quietem
491 1141 765 1218 mobilitatemque
785 1141 904 1219 pariter
918 1142 1166 1214 accommodata,
1183 1143 1244 1202 mi-

156 1257 242 1317 nime
258 1274 365 1317 curare
381 1259 488 1316 utrum
503 1256 564 1316 huc
585 1273 624 1316 an
642 1256 718 1316 illuc
735 1256 883 1316 ferantur.
900 1257 1073 1316 Metionem
1092 1275 1165 1334 ergo
1180 1275 1244 1316 non

157 1390 229 1432 cum
247 1362 357 1433 natura
379 1372 520 1449 corporis
540 1371 714 1446 cohaerere,
739 1370 794 1431 sed
816 1371 940 1449 corpori
953 1371 1041 1432 velut
1060 1375 1243 1432 extraneum

158 1487 278 1565 aliquid
289 1487 362 1567 addi
373 1487 590 1547 existimamus
603 1505 610 1546 :
624 1503 662 1546 ex
677 1504 739 1564 quo
751 1487 894 1563 sequitur
907 1491 942 1546 ut
958 1487 1042 1546 varia
1055 1487 1148 1546 nobis
1172 1505 1242 1546 mo-

155 1602 251 1662 tionis
271 1619 387 1680 genera
409 1620 474 1661 non
495 1602 598 1662 colore
624 1605 658 1662 ut
679 1601 722 1661 ita
744 1601 849 1662 dicam
869 1601 1017 1680 physico,
1043 1601 1099 1662 sed
1121 1602 1241 1662 ratione

156 1718 262 1795 potius
276 1717 499 1778 mathematica
511 1717 593 1776 inter
606 1733 638 1776 se
654 1717 780 1777 differre
795 1716 970 1778 videantur.
988 1716 1132 1795 Spatium
1147 1717 1243 1794 igitur

157 1832 356 1892 indefinitum
379 1835 522 1892 nostrum
542 1849 616 1892 cum
634 1831 829 1910 geometrica
851 1832 988 1908 quadam
1009 1833 1159 1892 motionis
1183 1851 1241 1892 no-

156 1949 241 2008 tione
260 1947 498 2008 consociemus:
516 1947 687 2025 geometris
702 1947 892 2020 motionem,
909 1947 992 2008 haud
1008 1947 1100 2007 aliter
1117 1966 1152 2008 ac
1167 1949 1243 2026 ligu-

156 2080 239 2134 ram,
262 2063 416 2123 tradimus
434 2062 656 2122 mathematice
681 2061 943 2140 investigandam.
966 2063 1152 2123 Aristoteles
1166 2081 1242 2124 vero

156 2195 229 2238 cum
244 2177 365 2237 diversa
377 2177 528 2238 motionis
543 2194 659 2270 genera
671 2177 803 2256 physico
819 2178 1033 2254 potiusquam
1047 2177 1241 2256 geometrico

156 2310 243 2353 more
259 2292 453 2364 distinxerit,
478 2292 640 2369 aliumque
661 2292 833 2353 crediderit
853 2311 922 2352 esse
937 2292 1089 2352 motionis
1102 2293 1241 2353 colorem

156 2408 370 2487 appetitumve
395 2425 465 2485 quae
491 2407 641 2468 deorsum
666 2407 789 2481 tendat,
818 2407 917 2467 alium
938 2407 1089 2468 motionis
1118 2425 1188 2484 quae
1208 2408 1241 2466 in

156 2522 291 2583 sublime
309 2523 438 2596 cieatur,
456 2540 493 2582 ea
515 2523 583 2600 ipsa
604 2541 696 2583 causa
716 2523 869 2583 adductus
886 2526 983 2582 estut
1005 2523 1143 2600 spatium
1165 2540 1240 2582 nos-

155 2641 238 2697 trum
249 2637 450 2698 indefinitum
463 2637 593 2698 omnino
606 2637 767 2714 rejiceret,
785 2638 824 2696 de
837 2637 907 2697 loco
920 2642 1027 2698 autem
1042 2637 1237 2715 loqueretur.

156 2753 327 2812 Molionem
343 2753 427 2812 enim
447 2769 519 2813 cum
537 2769 667 2830 corpore
691 2752 902 2812 cohaerescere
919 2753 1103 2827 arbitratur,
1132 2770 1169 2812 ex
1191 2753 1239 2812 ine

154 2867 231 2927 lima
258 2867 325 2945 ejus
353 2874 466 2928 natura
498 2867 748 2928 efflorescentem
778 2885 784 2926 :
807 2867 930 2945 ignem,
961 2867 1098 2944 exempli
1124 2868 1236 2945 gratia,

156 2983 187 3041 in
201 2983 336 3042 sublime
358 2983 495 3043 velutad
512 2983 728 3060 peractionem
750 2983 859 3043 lormae
876 2983 1012 3060 propriae
1029 2983 1236 3055 contendere,

154 3114 266 3174 aquam
280 3102 386 3158 autem
400 3101 475 3159 tunc
490 3098 593 3158 solum
610 3098 788 3158 absolutam
804 3099 967 3175 quiescere
985 3100 1057 3158 c'um
1074 3098 1157 3158 inter
1175 3103 1238 3158 ter-

154 3230 221 3272 ram
232 3217 341 3273 etaera
351 3213 434 3273 velut
444 3217 654 3291 praeparatum
665 3214 769 3273 cubile
781 3213 935 3287 inveniat,
947 3213 1130 3274 —diversis
1142 3214 1240 3291 igItur

154 3327 234 3388 inter
253 3346 286 3387 se
306 3328 525 3406 qualitatibus,
546 3329 669 3388 diverso
691 3329 807 3406 spiritu
831 3329 916 3389 intus
941 3329 1099 3407 penetrari
1122 3329 1238 3388 motio-

154 3461 226 3502 nem
253 3461 324 3504 eam
346 3462 416 3520 quae
439 3445 623 3522 gravitatem
647 3444 817 3522 significet,
847 3449 878 3504 et
903 3445 990 3504 illam
1018 3461 1087 3536 quae
1107 3444 1237 3503 levitate

154 3558 281 3618 cieatur.
301 3559 456 3629 Qualitate
474 3563 579 3620 autem
595 3561 621 3619 si
636 3564 741 3620 motus
759 3560 916 3621 naturales
931 3560 1013 3619 inter
1027 3577 1060 3620 se
1077 3559 1236 3632 different,

153 3673 302 3750 qualitate
318 3691 442 3752 quoque
454 3675 687 3754 distinguentur
700 3675 879 3736 motionum
889 3675 1083 3736 naturalium
1094 3675 1235 3750 termini,

152 3787 221 3848 loca
245 3789 314 3848 dico
332 3790 495 3849 naturalia.
519 3792 559 3850 At
570 3792 638 3869 jam
655 3809 718 3850 non
737 3795 848 3868 agetur
871 3791 910 3850 de
931 3791 1031 3868 spatio
1056 3789 1111 3849 illo
1127 3793 1237 3849 nostro

153 3904 240 3981 cujus
256 3907 360 3981 partes
373 3905 573 3982 geometricis
587 3906 808 3966 tantummodo
820 3905 1008 3966 differentiis
1023 3905 1233 3965 notabantur:

153 4035 209 4095 pro
227 4035 323 4079 vacuo
340 4019 608 4097 interminatoque
627 4022 728 4099 spatio
748 4038 831 4081 nunc
847 4021 933 4082 locos
953 4020 1154 4092 habebimus,
1172 4037 1236 4079 non

153 4133 258 4192 linitos
272 4134 376 4194 solum
388 4135 619 4212 magnitudine,
637 4136 692 4196 sed
709 4140 740 4196 et
759 4135 909 4214 qualitate
924 4135 1083 4196 definitos.
1102 4135 1235 4194 Mundus

152 4247 249 4326 igitur
275 4253 375 4323 totus,
400 4250 543 4310 animalis
572 4251 681 4324 instar,
714 4270 730 4312 e
760 4251 855 4312 certis
883 4251 1049 4312 elementis
1078 4251 1236 4312 constabit
