3160 5054
484 486 486 490 *
543 474 586 522 uu
602 471 688 522 noco
705 472 868 522 sunsunrr.
1206 450 1245 525 ’π

165 621 231 678 tem
251 620 355 696 partes
370 619 525 696 potestate
547 615 770 677 tantummodo
783 616 925 677 obtinere
947 616 1053 676 locum
1071 617 1245 690 existimet,

165 733 243 793 duas
256 732 311 793 has
326 750 387 806 reS,
403 733 509 792 locum
522 735 553 792 et
569 731 800 805 extensionem,
818 749 896 809 quas
910 731 1165 810 conjunctissime
1181 733 1249 812 phi·

165 847 290 926 losophi
301 847 497 908 recentiores
513 851 735 919 conexuerunt‚
749 847 918 924 separatim
934 847 1127 921 considerat,
1145 865 1247 925 neque

167 981 212 1038 ea,
228 981 299 1041 quae
315 964 354 1023 de
368 963 507 1041 corporis
520 963 589 1023 loco
603 962 739 1033 disserit,
753 961 817 1022 ullo
830 962 975 1022 modoad
988 963 1093 1022 locum
1109 964 1247 1042 partium

165 1078 383 1140 transferenda
401 1095 469 1138 esse
489 1077 669 1138 arbitratur.
689 1077 846 1137 Tollamus
861 1095 950 1152 vem,
972 1082 1126 1154 quatenus
1148 1079 1186 1138 ad
1201 1081 1249 1138 lo-

166 1211 241 1254 cum
268 1195 415 1272 pertinet,
438 1193 651 1252 Aristoteliam
670 1192 755 1251 illam
777 1195 864 1252 actus
883 1193 1097 1270 potentiaeque
1123 1192 1251 1255 distinc-

165 1309 311 1369 tionem:
332 1309 496 1386 apparebit
517 1309 624 1367 statim
646 1308 707 1366 loci
721 1325 792 1367 cum
808 1307 989 1368 extensione
1008 1309 1169 1386 cognatio,
1190 1326 1250 1368 nec

163 1424 228 1502 jam
241 1441 314 1484 cum
331 1423 500 1484 Aristotele
518 1423 625 1497 nobiS,
648 1422 705 1482 sed
726 1440 798 1483 cum
813 1423 970 1484 Leibnitio
987 1424 1122 1486 roserit.

206 1540 450 1600 Consideremus
470 1539 557 1599 enim
575 1541 696 1616 partem
710 1537 849 1616 aliquam
865 1537 1022 1616 corporiS,
1037 1537 1118 1598 intra
1133 1555 1249 1616 corpus

167 1654 314 1732 positam.
334 1653 608 1724 Quemadmodum
628 1669 741 1731 corpus
765 1656 870 1712 totum
892 1653 1057 1730 superficie
1081 1653 1126 1714 rei
1149 1653 1249 1714 conti-

167 1769 271 1829 nentis
291 1768 380 1828 velut
400 1769 469 1828 loco
491 1767 601 1839 utitur,
618 1767 731 1828 eodem
750 1767 846 1826 modo
865 1785 937 1845 pars
958 1767 1019 1826 ista
1033 1767 1139 1828 locum
1157 1785 1251 1829 suum

167 1883 312 1955 habebit,
328 1882 535 1960 superficiem
557 1881 628 1942 dico
656 1899 719 1959 qua
745 1880 881 1959 cingitur
900 1881 985 1942 intus
1006 1883 1039 1941 in
1065 1899 1194 1960 corpore
1219 1887 1251 1943 et

169 1998 401 2077 comprimitur.
425 1999 503 2058 Cum
521 2001 629 2058 autem
648 1997 708 2056 hoc
730 1995 816 2056 idem
832 1997 896 2057 dici
910 2001 1005 2074 queat
1020 1997 1059 2057 de
1075 2002 1163 2077 parte
1181 2015 1251 2076 par-

168 2115 225 2186 tis,
248 2131 374 2175 summa
394 2113 534 2191 corporis
556 2113 590 2172 in
615 2113 730 2173 seriem
749 2112 849 2172 abibit
870 2113 1094 2186 terminorum,
1116 2131 1252 2191 quorum

169 2229 385 2306 unusquisque
401 2228 586 2307 superficies
602 2227 748 2306 quaedam
762 2228 822 2288 erit
836 2228 929 2288 aliam
942 2228 1104 2307 complexa
1117 2230 1251 2307 superli-

169 2345 260 2405 ciem.
276 2345 293 2406 J
297 2362 348 2404 am
362 2361 437 2404 vero
453 2343 634 2422 superficies
650 2344 718 2422 ipsa
733 2343 767 2403 in
780 2343 896 2416 linear,
914 2343 997 2404 linea
1011 2348 1116 2404 autem
1132 2345 1164 2404 in
1183 2362 1252 2422 par-

170 2463 216 2519 tes
236 2460 344 2532 lineae,
365 2459 440 2519 alias
456 2459 488 2518 in
508 2459 577 2518 aliis
593 2459 744 2530 inclusas
770 2458 939 2518 dividetur.
955 2459 1028 2529 Quae
1049 2459 1164 2519 divisio
1179 2477 1253 2520 cum

171 2575 203 2633 in
220 2573 396 2648 inlinitum,
411 2574 579 2634 Aristotele
595 2575 664 2652 ipso
683 2577 827 2644 auctore,
845 2573 1074 2651 progrediatur,
1089 2575 1251 2652 molesque

167 2690 311 2769 corporis
325 2689 358 2750 in
372 2689 565 2750 inclusiones
580 2689 808 2762 inclusionum,
821 2693 855 2749 ut
870 2689 913 2748 ita
926 2688 1043 2760 dicam,
1058 2707 1092 2749 se
1105 2691 1250 2765 resolvat,

171 2805 284 2865 rationi
297 2807 544 2866 consentaneum
562 2808 610 2864 est
623 2805 730 2864 minus
744 2821 760 2864 e
776 2804 917 2882 partibus
933 2803 1022 2882 ipsis
1036 2807 1145 2882 utpote
1158 2806 1255 2866 lubri-

173 2921 217 2980 cis
236 2938 272 2980 ac
291 2919 475 2998 fugacibuS,
494 2937 590 2997 quam
606 2937 644 2979 ex
658 2919 893 2997 comparatione
912 2919 1050 2998 partium
1069 2937 1254 2998 corpoream

173 3035 390 3095 extensionem
401 3028 486 3095 oriri.
499 3033 775 3106 Quemadmodum
787 3035 883 3112 igitur
897 3035 986 3095 locus
997 3053 1035 3095 ex
1047 3035 1254 3114 dispositione

172 3167 353 3229 corporum,
376 3151 420 3210 ita
435 3150 576 3210 extensio
598 3167 636 3210 ex
652 3150 925 3228 coagmentatione
945 3151 1082 3228 partium
1098 3149 1253 3229 gignetur,

172 3282 230 3325 nec
251 3265 362 3343 procul
387 3283 405 3324 a
431 3265 587 3325 Leibnitio
614 3265 790 3338 aherimus,
815 3265 869 3342 qui
897 3268 1000 3342 partes
1024 3265 1123 3326 voluit
1148 3283 1255 3327 carere

173 3381 371 3454 extensione,
393 3379 576 3440 continuam
599 3383 709 3439 autem
731 3384 762 3440 et
784 3380 816 3440 in
835 3380 995 3441 infinitum
1019 3381 1180 3441 dividuam
1202 3400 1256 3442 ex-

174 3496 328 3556 tensionis
353 3495 540 3573 imaginem,
571 3499 680 3574 utpote
706 3495 885 3571 coniusam,
911 3495 944 3554 in
964 3495 1202 3557 individuorum
1225 3502 1257 3558 et

175 3610 432 3689 incorporeorum
444 3611 671 3670 elementorum
684 3610 926 3671 multitudinem
938 3611 1034 3672 abire.

213 3727 269 3785 His
286 3742 362 3786 vero
381 3725 553 3796 concessiS,
572 3725 638 3803 jam
651 3725 847 3804 frangeretur
861 3726 1034 3786 Aristotelii
1048 3727 1161 3788 mundi
1183 3745 1257 3788 con-

174 3841 317 3914 tinuatio,
334 3842 485 3919 fieretque
500 3858 538 3902 ex
551 3840 681 3901 animali
693 3859 756 3900 uno
776 3841 952 3927 multitudo
968 3842 1092 3902 infinita
1110 3843 1256 3904 'elemen—

174 3960 279 4016 torum
297 3955 571 4034 incorporeorum,
590 3955 739 4034 tangendi
761 3956 1010 4035 impellendique
1027 3957 1170 4019 facultate
1187 3977 1257 4018 om-

175 4070 250 4131 nino
283 4071 470 4132 carentium.
496 4071 562 4142 Qua
594 4071 819 4148 consequentia
844 4071 1019 4132 Leibnitius
1047 4073 1136 4133 nullo
1163 4075 1258 4134 modo

175 4187 340 4247 exterritus
356 4186 548 4247 elementum
569 4186 821 4264 unumquodque
841 4187 930 4247 linxit
947 4204 1015 4248 esse
1033 4189 1149 4248 animal
1166 4207 1258 4268 sepa-
