3160 5054
300 508 331 556 22
686 501 766 559 Qum
782 503 998 554 ARISTOTELES

339 648 522 710 Revolvitur
540 647 655 710 eodem
673 647 857 708 Aristoteles
883 646 1100 710 concludendo
1124 667 1131 710 :
1152 672 1167 704 «
1192 649 1382 712 Existimant

300 764 478 826 «nonnulli
501 763 593 824 inane
611 779 681 824 esse
704 766 882 842 separatum
904 781 941 824 3ο
961 781 1018 842 per
1032 781 1121 840 se...;
1139 764 1224 844 quod
1246 765 1379 844 perinde

299 883 379 940 «est
403 897 439 940 33
463 879 490 940 31
521 879 655 954 dioatur,
681 879 787 940 locum
812 896 880 940 3333
902 879 1023 960 aliquid
1052 877 1264 960 separatum⁴.
1295 903 1310 938 ν
1329 879 1379 942 Si-

296 995 400 1071 milia,
415 995 485 1056 31113
501 994 622 1075 verbis,
640 994 734 1073 paulo
749 993 1038 1085 uberiusdisserit²
1058 1013 1065 1056 :
1092 1019 1106 1050 κ
1124 996 1267 1058 Creditur
1286 996 1378 1058 inane

298 1133 313 1167 «
331 1129 399 1172 3333
411 1110 544 1190 aliquid,
561 1111 634 1189 quia
648 1111 737 1172 loeus
752 1111 796 1172 ita
810 1111 946 1185 videtur,
963 1114 1056 1190 atque
1078 1111 1194 1172 iisdem
1210 1112 1249 1173 de
1264 1111 1394 1202 causis

298 1251 312 1283 «
327 1228 420 1291 Venit
438 1227 525 1288 enim
546 1227 740 1288 inurentem
764 1230 868 1287 motus
890 1227 1065 1288 seeundum
1082 1227 1189 1288 locum
1212 1231 1244 1288 et
1266 1227 1306 1288 iis
1324 1227 1378 1308 qui

297 1366 312 1398 ο
329 1339 439 1404 dieunt
457 1341 563 1404 locum
580 1360 650 1404 esse
669 1341 789 1422 aliquid
802 1346 918 1422 praeter
932 1360 1064 1424 corpora
1088 1361 1125 1404 eo
1142 1343 1330 1416 incidentia,
1348 1347 1380 1404 et

297 1481 312 1513 «
329 1459 392 1519 illis
413 1458 466 1537 qui
490 1459 551 1520 hoe
572 1457 660 1518 idem
681 1458 720 1519 de
746 1475 847 1519 vacuo
868 1462 1059 1520 asseverant.
1086 1457 1274 1520 Existimant
1293 1458 1379 1520 enim

298 1597 312 1630 «
328 1575 420 1635 inane
437 1591 504 1636 esse
518 1591 642 1635 eausam
658 1573 810 1636 motionis
828 1573 909 1634 siout
923 1572 955 1634 id
975 1574 1008 1634 in
1026 1591 1090 1653 quo
1108 1578 1251 1636 movetur
1270 1591 1277 1634 :
1294 1573 1378 1652 quod

297 1713 311 1744 «
328 1689 460 1768 perinde
474 1693 536 1763 est,
553 1694 589 1750 ut
600 1688 744 1752 nonnulli
759 1690 862 1750 lorum
879 1707 948 1750 esse
963 1689 1120 1768 inquiunt.
1140 1714 1154 1745 »
1167 1725 1206 1733 -
1220 1691 1259 1752 Ut
1269 1689 1378 1770 paucis

294 1823 362 1866 rem
383 1805 595 1880 absolvamus,
617 1805 749 1866 eredunt
769 1806 911 1866 nonnulli
931 1823 994 1866 non
1016 1822 1110 1884 posse
1127 1805 1302 1866 motionem
1328 1805 1378 1866 in-

294 1921 402 1998 tellegi
422 1921 483 1982 nisi
507 1921 540 1980 in
561 1921 629 1982 loeo
652 1921 707 2000 qui
723 1921 858 1982 motioni
876 1924 995 2000 pateat,
1019 1921 1069 1981 vel
1091 1921 1187 1982 etiam
1208 1921 1241 1981 in
1261 1939 1376 1992 vacuo,
1398 1943 1400 1950 ν

295 2037 350 2097 uhi
372 2036 459 2097 nullo
477 2015 566 2098 obice
587 2037 688 2096 motio
705 2035 899 2115 impediatur
920 2054 927 2096 :
947 2037 1055 2098 locum
1070 2036 1166 2115 igitur
1179 2041 1211 2097 31
1227 2047 1376 2126 yaouum,

294 2169 366 2214 oum
383 2152 516 2213 eandem
531 2153 595 2212 vim
606 2151 740 2212 habeant
752 2151 1118 2232 motionisreoipiendae,
1132 2134 1261 2214 nomine
1273 2135 1378 2232 potius

294 2285 387 2348 quam
400 2285 434 2328 re
453 2269 536 2330 inter
550 2285 583 2328 33
599 2267 726 2329 differre
740 2268 932 2328 existimant.

333 2384 407 2456 Quae
422 2401 494 2447 curn
518 2384 562 2444 ila
581 2383 658 2456 sint,
679 2384 886 2462 videaturque
906 2383 993 2444 locus
1015 2401 1084 2444 esse
1106 2383 1304 2445 intervallum
1318 2401 1378 2444 va-

292 2518 399 2574 cuum,
421 2499 448 2560 si
467 2499 559 2560 13333
573 2499 659 2560 33113
678 2499 774 2560 modo
799 2500 949 2566 exsistere
969 2499 1302 2573 demonstraverimus,
1317 2501 1379 2562 3113

292 2615 461 2694 quaerenda
473 2616 533 2690 erit
545 2615 688 2678 delinitio
699 2615 771 2676 loci.
786 2618 852 2676 Hoe
865 2615 947 2676 illud
963 2619 1011 2676 est
1021 2633 1076 2676 eur
1089 2615 1275 2676 Aristoteles
1290 2620 1378 2678 13313

292 2731 324 2793 vi
343 2735 375 2792 31
389 2733 481 2811 eopia
497 2735 605 2792 eontra
620 2732 711 2792 inane
733 2731 858 2792 dixerit.
875 2733 953 2792 Cum
965 2748 1039 2792 vero
1053 2734 1239 2810 argumenta
1254 2733 1375 2804 omnia,

293 2864 503 2926 quaeeumque
519 2847 610 2907 inane
623 2851 678 2908 331
696 2847 855 2907 affirmant
867 2863 937 2908 3333
954 2851 1008 2907 331
1021 2851 1154 2926 negant,
1171 2865 1282 2926 parum
1302 2865 1377 2926 pro-

293 2963 411 3024 babilia
430 2962 613 3023 Aristoteles
638 2963 810 3034 existimet,
833 2963 973 3042 primum
988 2963 1074 3038 haec,
1096 2962 1211 3024 deinde
1232 2963 1288 3022 illa
1309 2981 1378 3042 per-

293 3078 418 3157 pendit;
442 3083 602 3157 postremo
627 3079 818 3138 sententiam
839 3096 927 3140 suam
942 3079 1045 3156 aperit
1065 3079 1222 3156 variisque
1243 3079 1377 3140 rationi-

292 3194 351 3254 bus
366 3195 542 3255 oontirmat.

333 3311 391 3382 Qui
411 3315 518 3371 eontra
534 3327 668 3372 vacuum
689 3311 853 3386 dixerunt,
875 3310 922 3370 illi
943 3293 1087 3389 graviter
1101 3309 1134 3371 iu
1150 3309 1212 3371 hoo
1226 3327 1377 3392 peceave-

292 3429 365 3488 runt
388 3425 472 3504 quod
493 3444 556 3486 non
575 3426 667 3486 inane
689 3427 811 3506 ipsum,
832 3425 887 3486 sed
912 3426 1017 3505 potius
1041 3425 1195 3486 vitiosum
1219 3425 1377 3504 quendem

323 3612 357 3676 (1)
372 3610 453 3676 Pltpr.
466 3614 514 3673 IV,
527 3616 581 3672 216,
598 3625 620 3672 a,
637 3617 667 3662 23
683 3629 689 3662 ε
706 3615 728 3662 οἱ
748 3612 790 3677 μὲν
807 3611 848 3662 οὖν
863 3613 957 3662 οἴονται
976 3613 1006 3662 τὸ
1019 3612 1091 3662 κενόν
1109 3612 1179 3674 εἶναι,
1194 3612 1261 3678 εἴπερ
1280 3612 1377 3672 ἔσταιὴ

292 3702 354 3752 κατὰ
369 3699 444 3751 τόπον
463 3701 572 3762 κίνησις,
592 3703 786 3769 ἀποκρινόμενον
802 3701 859 3752 καθ’
880 3701 949 3750 αὑτό·
968 3706 1041 3751 τοῦτο
1057 3701 1083 3751 δὲ
1104 3701 1193 3750 ταύτόν
1209 3703 1262 3750 ἐστι
1280 3702 1316 3766 τῷ
1334 3702 1377 3758 τὸν

293 3790 368 3841 τόπον
380 3791 453 3854 φάναι
465 3791 527 3840 εἷναί
539 3808 563 3840 τι
578 3793 769 3857 κεχωρισμένον.

323 3879 512 3944 (2111333111,
528 3883 581 3939 214,
598 3893 621 3940 a,
637 3885 665 3930 21
683 3899 688 3931 :
705 3881 742 3931 διὸ
758 3881 799 3930 καὶ
813 3881 841 3930 τὸ
856 3881 925 3930 κενὸν
937 3881 1006 3929 δοκεῖ
1019 3897 1042 3928 τι
1057 3880 1132 3938 εἶναι,
1149 3880 1186 3928 ὅτι
1202 3881 1244 3928 καὶ
1262 3881 1275 3928 ὁ
1293 3877 1376 3938 τόπος,

291 3971 332 4020 καὶ
341 3969 382 4020 διὰ
390 3967 475 4019 ταύτά.
491 3967 563 4020 “Haza
575 3970 621 4034 γὰρ
636 3971 691 4030 δὴή
707 3951 801 4028 alannae
814 3973 829 4029 ἡ
843 3969 909 4019 κατὰ
919 3971 994 4019 τόπον
1005 3970 1047 4018 καὶ
1058 3973 1111 4024 τοῖς
1123 3969 1165 4019 τὸν
1179 3967 1254 4018 τόπον
1270 3969 1377 4032 primaeu-¹

290 4075 328 4108 σιν
337 4057 398 4108 εἶναί
408 4075 430 4107 τι
440 4059 508 4124 παρὰ
518 4058 551 4108 τὰ
561 4058 667 4122 σώματα
677 4058 708 4107 τὰ
718 4057 870 4122 ἐμπίπτοντα
881 4059 923 4107 καὶ
933 4062 985 4114 τοῖς
995 4059 1024 4107 τὸ
1035 4058 1114 4108 κενόν.
1123 4057 1207 4107 Αἴτιον
1219 4057 1244 4106 δὲ
1259 4057 1377 4116 κινήσεως

291 4148 385 4198 οἴονται
400 4148 460 4197 εἶναι
475 4148 503 4196 τὸ
518 4149 588 4198 κενόν
606 4148 685 4205 οὕτως
700 4149 732 4204 ὡς
747 4149 771 4197 ἐν
788 4142 807 4216 ᾧ
822 4151 935 4196 κινεῖται·
950 4151 1023 4196 τοῦτο
1038 4145 1059 4196 δ’
1075 4147 1104 4198 ἂν
1123 4146 1161 4206 εἴη
1173 4145 1225 4196 οῖον
1244 4147 1286 4195 τὸν
1298 4144 1375 4195 τόπον

293 4235 353 4300 φασί
364 4251 426 4294 τινες
438 4235 507 4286 εἶναι.
