3160 5054
241 538 244 547 ¹
308 480 336 528 ιι
698 474 1007 533 euru-lmsrorucus

307 616 375 678 neri
390 634 460 694 quae
479 616 711 694 circumagitur,
733 633 837 676 nonne
857 614 985 676 videtur
1004 615 1113 677 locum
1128 617 1172 676 ita
1191 615 1340 689 delinire,
1358 621 1392 678 ut

308 732 348 792 sit
363 731 561 792 intervallum
575 730 741 791 immobile
756 731 871 792 mobili
887 731 1011 810 sphaera
1025 733 1240 810 occupatum?

347 846 532 908 Aristoteles
550 863 635 918 vero,
653 850 688 906 ut
705 845 784 906 mihi
801 845 939 918 videtur,
962 846 995 905 in
1014 845 1098 907 bunc
1113 846 1177 908 lere
1195 847 1329 908 modum
1349 847 1394 906 in-

307 965 483 1040 terrogatus
498 960 726 1040 respondisset.
745 961 874 1036 Gaelum,
892 961 930 1021 de
946 978 1008 1040 quo
1023 959 1195 1039 loquimur,
1215 966 1392 1023 extremum

309 1077 388 1138 illud
407 1081 455 1137 est
478 1076 561 1155 quod
582 1075 686 1137 sidera
706 1076 799 1136 certis
824 1076 919 1136 infixa
941 1076 1068 1138 sedibus
1089 1077 1180 1156 gerit.
1194 1077 1295 1148 ¹Quod
1321 1095 1393 1139 cum

310 1193 396 1254 nulla
411 1191 521 1253 aliare
539 1191 681 1270 cingatur
694 1191 742 1251 vel
761 1195 919 1270 tangatur,
936 1191 1043 1253 locum
1058 1209 1161 1270 neque
1180 1192 1275 1254 habet
1289 1211 1392 1271 neque

310 1308 406 1396 igitur
431 1311 537 1386 potest
563 1311 697 1368 mutare.
723 1309 831 1366 Partes
851 1325 926 1367 vero
950 1307 1034 1380 caeli,
1059 1325 1193 1385 quarum
1214 1308 1274 1368 alia
1298 1307 1394 1368 aliam

311 1423 543 1501 complectitur,
564 1421 669 1483 locum
686 1422 831 1482 obtinent
852 1440 859 1482 :
881 1422 986 1483 locum
1011 1421 1108 1501 igitur
1131 1422 1248 1482 debent
1270 1426 1394 1483 mutere

310 1539 388 1599 dum
401 1537 516 1598 caelum
529 1536 795 1597 circumvolvitur.
820 1537 1005 1616 Intellegere
1021 1541 1127 1598 autem
1146 1538 1172 1597 si
1187 1537 1266 1598 velis
1286 1555 1396 1615 quem-

311 1653 484 1714 admodum
504 1657 608 1732 partes
622 1652 728 1713 locum
743 1655 883 1727 mutent,
901 1653 946 1712 sic
966 1651 1092 1713 habeto.
1115 1653 1210 1713 Linea
1233 1657 1318 1714 recta
1341 1671 1395 1713 su-

311 1785 368 1848 pra
380 1767 532 1828 verticem
545 1771 687 1828 nostrum
705 1767 738 1826 in
753 1767 890 1828 sublime
906 1767 932 1826 si
950 1767 1092 1838 dueatur,
1111 1767 1312 1846 superficiem
1327 1767 1396 1828 caeli

311 1883 457 1944 ultimam
478 1882 510 1941 in
532 1886 651 1960 puncto
671 1881 808 1959 quodam
828 1885 851 1942 Z
871 1886 956 1942 secat
975 1901 982 1942 :
1001 1883 1085 1960 quod
1102 1887 1271 1961 punctum,
1285 1887 1396 1961 utpote

313 1999 346 2057 in
364 2001 504 2058 extremo
524 1997 620 2057 situm
637 1995 730 2057 lineae
748 1997 922 2057 immobilis
941 1998 980 2058 ab
998 1997 1159 2058 immobili
1179 2001 1263 2058 terra
1281 1997 1395 2070 ductae,

313 2111 478 2173 immobile
492 2117 549 2173 est.
567 2114 601 2172 ln
616 2112 676 2173 hoc
692 2117 799 2173 autem
815 2117 935 2190 puncto
949 2113 975 2172 si
995 2113 1137 2186 steteriS,
1154 2114 1324 2174 mutabunt
1338 2113 1397 2173 tibi

313 2230 419 2290 locum
433 2231 539 2306 partes
551 2227 633 2299 caeli,
649 2227 799 2306 quoniam
811 2228 888 2288 alias
903 2227 973 2288 aliis
990 2229 1161 2289 momentis
1175 2229 1280 2289 stellas
1295 2233 1397 2288 trans-

315 2347 425 2404 euntes
453 2343 627 2403 intuebere.
652 2343 917 2421 Quamvis‘igitur
943 2343 1080 2404 eundem
1100 2343 1183 2403 inter
1202 2361 1235 2404 se
1253 2343 1398 2404 ordinem

315 2464 439 2520 servent
458 2458 556 2519 stellae
574 2458 693 2532 infixae,
712 2463 743 2519 at
759 2461 866 2518 tamen
885 2459 980 2518 stanti
1000 2455 1058 2518 tibi
1076 2459 1110 2518 in
1131 2463 1248 2536 puncto
1267 2461 1339 2518 Zet
1358 2459 1399 2518 si-

315 2574 412 2634 nistra
428 2547 594 2652 aspicienti
607 2591 677 2651 quae
688 2572 796 2633 dextra
807 2577 905 2646 orant,
918 2573 1097 2652 propinqua
1107 2579 1214 2634 eutem
1229 2591 1299 2651 quae
1311 2578 1400 2634 erant

315 2689 501 2767 longinqua,
518 2689 634 2749 mutari
648 2688 790 2767 partium
805 2688 973 2768 dispositio
989 2688 1159 2750 videbitur.
1174 2691 1220 2749 lta
1235 2690 1318 2750 litut
1331 2705 1400 2767 par-

314 2809 363 2865 tes
381 2804 512 2882 sphaerae
532 2803 769 2882 caelestisque
789 2803 859 2864 loco
882 2807 982 2876 caret,
999 2805 1104 2865 locum
1125 2804 1260 2867 habeant
1282 2807 1313 2864 et
1331 2821 1401 2864 mu·
1457 2797 1462 2810 '

317 2923 385 2978 tent
408 2917 432 2978 ⁴.
454 2919 615 2998 Sphaeram
634 2923 740 2980 autem
767 2919 944 2997 quamlibet
961 2919 1055 3009 aliam
1082 2919 1109 2978 si
1133 2919 1398 2990 consideraveris,

314 3013 440 3094 ¹facilior
466 3034 562 3094 etiam
590 3033 648 3094 tibi
681 3035 741 3094 erit
762 3034 951 3094 Aristoteliae
978 3035 1144 3094 sententiae
1166 3034 1399 3112 interpretatio.

318 3150 454 3228 Corpore
468 3150 553 3208 enim
568 3149 707 3227 quodam
722 3149 926 3227 circumjecto
941 3166 1012 3210 cum
1028 3149 1181 3228 cingetur,
1194 3150 1282 3212 locus
1294 3154 1401 3210 autem

318 3265 346 3324 ei
367 3265 408 3324 sit
425 3265 618 3342 circumjecti
638 3264 779 3342 corporis
799 3265 955 3324 terminus
974 3265 1116 3337 interior,
1138 3264 1243 3325 locum
1263 3264 1401 3325 eundem

317 3384 421 3439 servat
435 3379 557 3458 sphaera
571 3380 649 3440 dum
665 3397 697 3440 se
711 3379 905 3458 circumagit,
921 3379 1070 3458 quoniam
1085 3380 1168 3440 intra
1182 3379 1319 3440 eundem
1336 3383 1401 3439 ter-

317 3494 441 3555 minum
465 3495 656 3555 continetur.
685 3496 792 3555 Partes
814 3513 889 3555 vero
914 3495 997 3573 ejus,
1014 3498 1124 3574 utpote
1144 3512 1215 3572 quae
1237 3495 1307 3554 aliis
1330 3513 1401 3556 mo-

317 3610 439 3670 mentis·
451 3611 527 3670 alias
542 3613 671 3688 tangant
686 3609 830 3688 ejusdem
844 3611 972 3670 termini
988 3614 1103 3688 partes,
1117 3611 1223 3671 locum
1238 3613 1372 3671 mutant.

350 3841 382 3904 (l)
398 3841 481 3904 Pltrjs.
498 3843 538 3904 lV,
555 3845 609 3905 212,
625 3855 647 3900 n,
662 3845 690 3890 31
712 3859 717 3890 :
736 3837 754 3910 ᾧ
770 3843 811 3904 μὲν
831 3842 873 3892 οὗν
890 3843 986 3904 σώματι
1006 3843 1057 3892 ἔστι
1076 3859 1099 3892 τι
1120 3843 1189 3899 ἐκτὸς
1205 3843 1279 3905 σῶμα
1292 3841 1401 3904 περιέχον

319 3931 386 3986 αὐτὸ,
403 3933 476 3980 τοῦτό
492 3932 556 3980 ἐστιν
569 3931 594 3979 ἐν
608 3933 685 3994 τόπῳ,
703 3926 721 4000 ᾧ
738 3931 762 3978 δὲ
778 3932 823 3995 μὴ,
841 3931 878 3982 οὗ.
893 3933 936 3981 Διὸ
951 3933 996 3980 κᾶν
1010 3932 1075 3997 ὕδωρ
1087 3932 1184 3992 γένηται
1198 3934 1305 3988 τοιοῦτο,
1318 3929 1349 3978 τὰ
1361 3929 1402 3992 μὲν

320 4019 391 4081 μόρια
403 4021 527 4078 κινήσεται
541 4020 615 4069 αὐτοῦ
628 4019 775 4084 (περιέχεται
789 4020 835 4084 γὰρ
848 4020 895 4069 ὑπ’
905 4021 1031 4083 ἀλλήλων),
1043 4021 1070 4068 τὸ
1084 4020 1109 4069 δὲ
1116 4025 1163 4068 πᾶν
1176 4018 1227 4069 ἔστι
1241 4020 1283 4090 μὲν
1294 4022 1327 4074 ὡς
1338 4019 1403 4074 κινή-

318 4122 388 4156 σεται
403 4107 454 4156 ἔστι
471 4106 529 4165 δ’ὡς
544 4109 581 4157 οὔ.
604 4107 646 4165 Ὣς
661 4109 703 4172 μὲν
718 4110 763 4172 γὰρ
778 4110 848 4171 ὅλον,
864 4110 915 4172 ἅμα
931 4109 972 4158 τὸν
987 4112 1062 4158 τόπον
1077 4109 1104 4158 οὐ
1117 4107 1266 4172 μεταὸἕιλλει·
1282 4108 1362 4171 κύκλῳ
1376 4106 1402 4155 δὲ

319 4197 457 4256 κινήσεται,
474 4205 522 4246 τῶν
537 4197 625 4262 μορίων
638 4197 683 4260 γὰρ
698 4197 765 4252 οὗτος
780 4201 793 4247 ὀ
808 4200 890 4254 τόπος.
