3160 5054
287 513 316 558 al
671 507 750 564 QUID
767 506 986 556 ARISTOTELES

284 651 364 712 illud
379 650 544 710 immobile
565 649 605 708 sit
620 648 705 726 quod
721 649 905 710 Aristoteles
920 651 1008 708 vocat
1021 669 1035 702 «
1051 652 1228 709 extremum
1244 665 1370 708 conver-

285 767 382 826 sionis
397 741 558 826 circularis
574 789 605 838 »‚
620 765 695 824 alias
710 764 946 842 explanabitur:
966 781 1050 824 nunc
1068 764 1143 822 salis
1162 763 1221 823 orit
1236 763 1262 822 si
1278 767 1368 823 uota-

284 882 423 941 verimus
444 881 550 940 omnia
570 880 603 939 iu
628 880 705 939 caelo
734 897 802 940 esse
826 879 991 952 collocata,
1015 879 1128 939 caelum
1152 883 1258 941 autem
1282 879 1370 938 nullo

283 997 352 1058 loco
367 993 491 1075 potiri⁴.
505 995 584 1056 Cum
600 995 685 1055 enim
700 994 846 1072 quaedam
860 995 1006 1054 dicantur
1021 1012 1078 1072 per
1093 1011 1137 1066 se,
1153 995 1300 1071 quaedam
1315 1012 1368 1054 au-

283 1115 360 1185 tem,
384 1114 419 1171 ut
441 1110 484 1170 ait
507 1110 708 1185 Aristoteles,
730 1127 787 1188 per
802 1113 906 1188 partes
928 1109 999 1169 loco
1020 1109 1132 1187 potiri,
1158 1109 1226 1171 caeli
1249 1113 1367 1186 partes,

283 1243 418 1306 quarum
437 1227 496 1285 alia
516 1226 610 1285 aliam
632 1225 867 1303 complectitur,
893 1224 925 1283 in
945 1225 1023 1286 oaelo
1047 1224 1278 1285 declarabimus
1301 1242 1369 1285 esse

283 1343 469 1413 collocatas„
490 1341 605 1401 caelum
626 1343 732 1401 autem
753 1340 877 1418 ipsum,
897 1339 1015 1418 quippe
1038 1339 1122 1418 quod
1145 1340 1233 1400 nulla
1251 1339 1312 1399 alia
1334 1357 1369 1400 re

283 1458 489 1529 contineatur,
505 1457 574 1516 loco
592 1473 697 1516 carere
711 1454 733 1512 ².
756 1457 799 1514 Ex
821 1471 882 1532 quo
907 1455 992 1514 litut
1012 1459 1152 1515 extrema
1167 1454 1236 1514 caeli
1257 1472 1369 1533 super·

283 1573 385 1642 ficies,
403 1555 466 1632 non
486 1573 590 1632 solum
610 1571 684 1648 quia
704 1570 811 1630 omnia
829 1569 984 1640 continet,
1008 1570 1063 1629 sed
1085 1571 1182 1630 etiam
1207 1571 1281 1648 quia
1302 1570 1370 1648 ipsa

283 1704 439 1766 nusquam
463 1686 651 1757 continetur,
669 1685 732 1746 loci
755 1685 886 1744 nomine
907 1685 957 1744 vel
979 1685 1116 1744 maxime
1140 1686 1235 1764 digna
1255 1685 1370 1746 debeat

285 1802 469 1862 existimari.

324 1965 415 2022 Extra
428 1966 533 2022 autem
550 1961 664 2022 caelum
679 1959 758 2020 nihil
770 1977 839 2022 esse
849 2007 856 2034 ‚
866 1977 929 2020 uon
946 1977 1077 2037 carpum
1089 1977 1153 2020 non
1168 1977 1299 2020 vacuum
1310 2005 1316 2031 ‚
1329 1977 1369 2019 na

284 2077 422 2156 spatium
454 2075 627 2154 quidem³,
657 2059 803 2154 plurimis
835 2075 1018 2135 Aristoteles
1042 2075 1237 2152 argumentis
1260 2076 1371 2134 contir-

284 2197 358 2252 mat.
371 2195 417 2252 Ex
430 2192 545 2269 quibus
558 2191 632 2265 alia,
644 2190 684 2250 ad
699 2208 833 2250 vacuum
848 2191 1054 2268 pertinentia,
1066 2189 1131 2266 jam
1146 2190 1268 2250 anobis
1283 2207 1370 2250 raco-

283 2309 370 2386 gnita
384 2311 472 2382 sunt,
489 2307 551 2366 alia
566 2310 689 2380 autem,
705 2323 742 2366 ex
758 2323 794 2366 eo
810 2305 903 2366 ducta
924 2305 1009 2382 quod
1030 2323 1094 2364 non
1113 2308 1218 2383 potest
1237 2306 1371 2365 materia

285 2424 318 2482 in
336 2423 496 2483 inlinitum
518 2425 640 2501 patere,
666 2438 750 2481 nunc
780 2420 962 2480 desiderant
985 2420 1271 2482 considerationem
1297 2437 1371 2480 nos-

284 2542 375 2598 tram.
389 2540 467 2598 Gum
478 2537 586 2598 multae
598 2537 754 2614 variaeque
765 2536 798 2594 in
807 2535 940 2614 Physica
954 2535 1189 2596 Auscultationo
1208 2540 1238 2596 et
1255 2536 1288 2594 in
1309 2537 1371 2594 Me·
1467 2521 1475 2528 ’

285 2653 471 2732 taphysicis‚
491 2654 591 2712 immo
605 2653 743 2712 etiamin
760 2650 889 2711 eolibro
906 2651 959 2728 qui
980 2653 1023 2710 De
1049 2652 1131 2710 Caelo
1152 2650 1368 2725 inscribiturl‚

285 2802 382 2868 κυρίως,
401 2805 437 2852 ότι
453 2804 481 2854 τὸ
497 2803 538 2867 μὲν
556 2803 593 2852 ἀεὶ
615 2801 689 2865 μένει,
707 2807 750 2850 τοῦ
770 2801 797 2850 δὲ
815 2801 905 2850 κύκλου
920 2803 948 2850 τό
963 2801 1068 2864 ἔσχατον
1084 2801 1201 2856 ὡσαύτως
1219 2799 1275 2864 ἔχον
1293 2800 1358 2863 μένει

286 2894 325 2944 cl.
342 2897 381 2942 Dc
398 2894 541 2955 3313,111,
558 2891 661 2954 31311,
679 2896 691 2940 7
709 2911 714 2940 :
731 2893 783 2941 ἐπεὶ
799 2890 838 2940 δ’ὁ
850 2891 923 2947 τόπος
936 2893 988 2940 ἐστὶ
1005 2893 1033 2940 τὸ
1050 2897 1092 2940 τού
1111 2889 1265 2957 περιέχοντος
1281 2891 1356 2954 πέρας

285 2985 388 3046 περιέχει
403 2983 429 3031 δὲ
442 2982 561 3030 πάντατὰ
573 2982 701 3044 κινούμενα
714 2982 763 3028 ἀνω
776 2983 816 3028 καὶ
829 2980 896 3028 κάτω
912 2981 939 3028 τό
955 2997 982 3028 τε
998 2980 1103 3044 ἔσχατον
1117 2981 1158 3028 καὶ
1172 2981 1199 3029 τό
1213 2979 1316 3043 μέσον...

318 3071 351 3132 (Ι)
366 3070 447 3132 Phys.
464 3068 614 3132 111,212,1),
633 3075 660 3119 18
677 3085 682 3116 :
698 3069 748 3118 ἐστι
765 3069 805 3118 δ’ὁ
821 3071 895 3125 τόπος
912 3069 958 3134 οὐχ
975 3071 988 3117 ό
1005 3068 1116 3132 οὐρανός,
1133 3069 1192 3118 ἀλλὰ
1208 3073 1251 3118 τοῦ
1270 3068 1370 3132 ούρανοῦ

285 3175 308 3207 τι
322 3160 350 3208 τό
364 3159 469 3224 ἔσχατον
480 3160 521 3208 καὶ
536 3157 671 3221 ἁπτόμενον
683 3163 726 3207 τοῦ
740 3162 838 3216 κινητοῦ
854 3159 969 3220 σώματος
981 3159 1052 3220 πέρας
1064 3159 1177 3220 ἠρεμούν-
1190 3159 1231 3206 καὶ
1246 3159 1284 3206 διὰ
1298 3163 1371 3206 τοῦτο

285 3252 301 3306 ἡ
318 3249 358 3310 μὲν
369 3255 399 3308 γῆ
415 3249 439 3296 ἐν
454 3253 487 3311 τῷ
505 3248 582 3304 ύδατι,
596 3251 668 3296 τοῦτο
683 3246 733 3295 δ’έν
747 3249 782 3310 τῷ
795 3247 854 3309 ἀέρι,
871 3246 940 3300 ούτος
955 3245 1005 3294 δ’έν
1019 3248 1054 3309 τῷ
1067 3245 1152 3311 αἰθέρι,
1166 3245 1286 3310 όδάἰθήρ
1297 3246 1321 3294 ἐν
1334 3253 1370 3310 τῷ

287 3337 387 3399 οὐρανῷ,
404 3339 417 3384 ὁ
432 3335 561 3401 δὀύρανὸς
575 3334 655 3384 οὐκέτι
670 3337 694 3384 έν
708 3337 780 3397 ἄλλῳ.
797 3363 828 3369 -
843 3340 901 3393 212,
918 3348 945 3392 a,
964 3338 991 3382 31
1011 3353 1016 3383 :
1033 3335 1053 3396 ᾧ
1075 3335 1117 3396 μὲν
1139 3335 1181 3383 ούν
1202 3335 1299 3396 σώματι
1318 3335 1372 3384 ἔστι

286 3442 308 3473 τι
323 3425 391 3482 ἐκτός
405 3427 480 3488 σῶμα
493 3425 602 3488 περιέχον
616 3423 684 3482 αὐτό,
700 3423 771 3472 ταύτό
783 3424 848 3472 ἐστιν
862 3423 886 3471 ἐν
896 3423 974 3485 τόπῳ,
989 3418 1006 3490 ᾧ
1019 3425 1045 3471 δὲ
1056 3425 1097 3485 μὴ,
1110 3423 1147 3471 οὔ.
1161 3451 1193 3458 -
1205 3429 1258 3485 212,
1269 3422 1320 3485 b‚8
1337 3441 1342 3473 ι
1358 3427 1371 3473 ό

287 3512 421 3578 δὀύρανός,
438 3516 522 3574 ὥσπερ
534 3513 634 3576 εἴρηται,
649 3513 677 3561 ού
692 3529 738 3560 που
752 3512 804 3567 ὅλος
819 3511 871 3560 οὐδ’
887 3512 911 3560 ἔν
924 3529 970 3560 τινι
982 3514 1049 3574 τόπῳ
1063 3510 1143 3572 ἐστίν,
1160 3513 1181 3560 εἲ
1195 3528 1222 3575 γε
1238 3513 1311 3574 μηδέν
1327 3513 1372 3561 αύ-

286 3603 327 3651 τὸν
342 3603 445 3666 περιέχει
460 3603 542 3666 σῶμα.

319 3691 352 3754 (2)
367 3691 446 3752 Phys.
462 3693 504 3749 IV,
523 3695 576 3749 212,
593 3689 619 3748 b,
636 3696 663 3739 12
676 3706 682 3738 :
697 3691 727 3738 τὰ
741 3691 787 3753 γὰρ
802 3693 874 3754 μόρια
891 3691 915 3738 ἐν
931 3690 998 3752 τόπῳ
1013 3707 1064 3747 πως
1077 3688 1167 3740 πάντα·
1186 3691 1226 3738 ἐπὶ
1240 3694 1276 3752 τῷ
1289 3690 1370 3755 κύκλῳ

286 3781 331 3842 γὰρ
344 3781 451 3845 περιέχει
465 3780 521 3828 ἄλλο
533 3781 598 3827 ἄλλο.
613 3779 655 3828 Διό
669 3783 771 3827 κινεῖται
788 3781 829 3839 μὲν
845 3779 925 3840 κύκλῳ
937 3781 964 3826 τό
980 3780 1038 3836 ἄνω,
1047 3769 1082 3828 ‘ro
1097 3780 1122 3826 δὲ
1137 3783 1185 3827 πᾶν
1199 3780 1227 3827 ού
1241 3795 1297 3828 που.

319 3869 351 3932 (3)
366 3872 402 3918 De
417 3869 495 3930 Ooelu,
515 3870 538 3930 1,
557 3872 615 3930 279,
632 3882 658 3926 a,
680 3873 707 3916 lt
726 3885 730 3915 :
747 3868 798 3928 ἅμα
819 3869 844 3917 δὲ
859 3870 929 3928 δῆλον
945 3869 982 3916 ὅτι
1004 3869 1058 3916 οὐδὲ
1074 3870 1149 3924 τόπος
1164 3867 1218 3916 οὐδὲ
1233 3869 1301 3916 κενόν
1316 3869 1372 3916 οὐδὲ

287 3959 373 4024 χρόνος
384 3959 448 4007 ἐστὶν
463 3957 507 4014 ἔξω
519 3963 562 4007 τοῦ
578 3959 688 4021 ούρανοῦ.
705 3985 736 3992 —-
750 3959 786 4006 De
800 3959 924 4019 0331311,
941 3961 995 4019 287,
1012 3971 1034 4015 a,
1054 3964 1081 4006 12
1097 3976 1101 4006 ;
1118 3957 1238 4007 δέδεικται
1253 3958 1316 4006 δ’ότι
1329 3963 1372 4017 τῆς

287 4046 393 4114 ἐσχάτης
411 4051 540 4112 περιφορᾶς
559 4048 616 4096 οὔτε
634 4035 702 4097 κενόν
726 4048 791 4096 ἐστιν
812 4047 895 4104 ἔξωθεν
919 4047 974 4096 οὔτε
995 4049 1077 4102 τόπος.
1093 4073 1124 4081 -
1142 4045 1178 4096 uf.
1197 4045 1317 4096 Leibuitii
1337 4047 1371 4096 ad

287 4135 418 4185 Clarkium
433 4149 471 4198 ep.
485 4137 532 4198 lv,
550 4139 562 4184 7
581 4135 678 4198 (Erdm.
693 4138 751 4197 756,
769 4135 801 4198 a).
1319 4136 1321 4142 ’

319 4226 352 4288 (t)
368 4225 520 4292 Meropum.
538 4227 570 4286 ll3
589 4225 670 4291 Plrps.
687 4227 735 4286 1113
752 4227 787 4275 De
803 4226 890 4285 Calo,v
905 4227 924 4274 l.
995 4294 997 4299 .
