<?xml version="1.0" encoding="UTF-8"?>
<!DOCTYPE html PUBLIC "-//W3C//DTD XHTML 1.0 Transitional//EN"
    "http://www.w3.org/TR/xhtml1/DTD/xhtml1-transitional.dtd">
<html xmlns="http://www.w3.org/1999/xhtml" xml:lang="en" lang="en">
 <head>
  <title>
</title>
<meta http-equiv="Content-Type" content="text/html;charset=utf-8" />
  <meta name='ocr-system' content='tesseract 3.04.00' />
  <meta name='ocr-capabilities' content='ocr_page ocr_carea ocr_par ocr_line ocrx_word'/>
</head>
<body>
  <div class='ocr_page' id='page_1' title='image "./quidaristoteles00berggoog_0056.png"; bbox 0 0 3160 5054; ppageno 0'>
   <div class='ocr_carea' id='block_1_1' title="bbox 575 479 1278 572">
    <p class='ocr_par' dir='ltr' id='par_1_1' title="bbox 575 479 1278 572">
     <span class='ocr_line' id='line_1_1' title="bbox 575 479 1278 572; baseline 0 -2"><span class='ocrx_word' id='word_1_1' title='bbox 575 479 616 570; x_wconf 66' lang='lat' dir='ltr'>bl:</span> <span class='ocrx_word' id='word_1_2' title='bbox 632 521 719 572; x_wconf 82' lang='lat' dir='ltr'>Loco</span> <span class='ocrx_word' id='word_1_3' title='bbox 736 521 900 572; x_wconf 83' lang='lat' dir='ltr'>SENSERIT.</span> <span class='ocrx_word' id='word_1_4' title='bbox 1248 525 1278 570; x_wconf 83' lang='grc'>45</span> 
     </span>
    </p>
   </div>
   <div class='ocr_carea' id='block_1_2' title="bbox 195 665 1282 1433">
    <p class='ocr_par' dir='ltr' id='par_1_2' title="bbox 195 665 1282 1300">
     <span class='ocr_line' id='line_1_2' title="bbox 198 665 1278 742; baseline 0 -17"><span class='ocrx_word' id='word_1_5' title='bbox 198 689 212 720; x_wconf 89' lang='lat'>«</span> <span class='ocrx_word' id='word_1_6' title='bbox 232 665 320 726; x_wconf 89' lang='lat' dir='ltr'>tinua</span> <span class='ocrx_word' id='word_1_7' title='bbox 338 670 445 726; x_wconf 89' lang='lat' dir='ltr'>autem</span> <span class='ocrx_word' id='word_1_8' title='bbox 465 681 599 742; x_wconf 89' lang='lat' dir='ltr'>quorum</span> <span class='ocrx_word' id='word_1_9' title='bbox 623 669 762 726; x_wconf 83' lang='lat' dir='ltr'>extrema</span> <span class='ocrx_word' id='word_1_10' title='bbox 783 668 856 724; x_wconf 88' lang='lat' dir='ltr'>sunt</span> <span class='ocrx_word' id='word_1_11' title='bbox 876 682 986 725; x_wconf 88' lang='lat' dir='ltr'>unum.</span> <span class='ocrx_word' id='word_1_12' title='bbox 1010 687 1024 720; x_wconf 77' lang='grc' dir='ltr'>ιι</span> <span class='ocrx_word' id='word_1_13' title='bbox 1046 666 1086 726; x_wconf 93' lang='lat' dir='ltr'>Ut</span> <span class='ocrx_word' id='word_1_14' title='bbox 1104 665 1200 725; x_wconf 87' lang='lat' dir='ltr'>verba</span> <span class='ocrx_word' id='word_1_15' title='bbox 1221 682 1278 742; x_wconf 92' lang='lat' dir='ltr'>pro</span> 
     </span>
     <span class='ocr_line' id='line_1_3' title="bbox 195 779 1278 858; baseline 0 -18"><span class='ocrx_word' id='word_1_16' title='bbox 195 781 299 842; x_wconf 88' lang='lat' dir='ltr'>verbis</span> <span class='ocrx_word' id='word_1_17' title='bbox 318 781 558 853; x_wconf 71' lang='lat' dir='ltr'>submittamuS,</span> <span class='ocrx_word' id='word_1_18' title='bbox 581 780 728 858; x_wconf 82' lang='lat' dir='ltr'>contigua</span> <span class='ocrx_word' id='word_1_19' title='bbox 745 779 893 840; x_wconf 91' lang='lat' dir='ltr'>dicuntur</span> <span class='ocrx_word' id='word_1_20' title='bbox 912 797 948 840; x_wconf 88' lang='lat' dir='ltr'>ea</span> <span class='ocrx_word' id='word_1_21' title='bbox 970 797 1104 856; x_wconf 86' lang='lat' dir='ltr'>quorum</span> <span class='ocrx_word' id='word_1_22' title='bbox 1124 783 1278 854; x_wconf 87' lang='lat' dir='ltr'>extrema,</span> 
     </span>
     <span class='ocr_line' id='line_1_4' title="bbox 196 896 1280 988; baseline -0.001 -32"><span class='ocrx_word' id='word_1_23' title='bbox 196 897 279 957; x_wconf 91' lang='lat' dir='ltr'>inter</span> <span class='ocrx_word' id='word_1_24' title='bbox 298 913 330 956; x_wconf 91' lang='lat' dir='ltr'>se</span> <span class='ocrx_word' id='word_1_25' title='bbox 347 896 522 974; x_wconf 79' lang='lat' dir='ltr'>tangentia,</span> <span class='ocrx_word' id='word_1_26' title='bbox 539 899 594 956; x_wconf 90' lang='lat' dir='ltr'>aut</span> <span class='ocrx_word' id='word_1_27' title='bbox 609 899 752 974; x_wconf 86' lang='lat' dir='ltr'>separata</span> <span class='ocrx_word' id='word_1_28' title='bbox 767 898 840 955; x_wconf 90' lang='lat' dir='ltr'>sunt</span> <span class='ocrx_word' id='word_1_29' title='bbox 854 900 907 955; x_wconf 88' lang='lat' dir='ltr'>aut</span> <span class='ocrx_word' id='word_1_30' title='bbox 920 899 1054 973; x_wconf 85' lang='lat' dir='ltr'><strong>possunt</strong></span> <span class='ocrx_word' id='word_1_31' title='bbox 1068 896 1178 956; x_wconf 89' lang='lat' dir='ltr'>saltem</span> <span class='ocrx_word' id='word_1_32' title='bbox 1194 896 1280 988; x_wconf 85' lang='lat' dir='ltr'>cogi-</span> 
     </span>
     <span class='ocr_line' id='line_1_5' title="bbox 197 997 1280 1088; baseline -0.002 -16"><span class='ocrx_word' id='word_1_33' title='bbox 197 1013 315 1072; x_wconf 90' lang='lat' dir='ltr'>tatione</span> <span class='ocrx_word' id='word_1_34' title='bbox 346 997 498 1088; x_wconf 49' lang='lat' dir='ltr'>separarit</span> <span class='ocrx_word' id='word_1_35' title='bbox 526 1010 676 1072; x_wconf 89' lang='lat' dir='ltr'>continua</span> <span class='ocrx_word' id='word_1_36' title='bbox 702 1014 825 1084; x_wconf 89' lang='lat' dir='ltr'>autem,</span> <span class='ocrx_word' id='word_1_37' title='bbox 851 1025 986 1087; x_wconf 90' lang='lat' dir='ltr'>quorum</span> <span class='ocrx_word' id='word_1_38' title='bbox 1012 1013 1151 1071; x_wconf 88' lang='lat' dir='ltr'>extrema</span> <span class='ocrx_word' id='word_1_39' title='bbox 1177 1027 1280 1088; x_wconf 90' lang='lat' dir='ltr'>neque</span> 
     </span>
     <span class='ocr_line' id='line_1_6' title="bbox 198 1123 1282 1204; baseline 0 -19"><span class='ocrx_word' id='word_1_40' title='bbox 198 1125 353 1204; x_wconf 88' lang='lat' dir='ltr'>incipiunt</span> <span class='ocrx_word' id='word_1_41' title='bbox 367 1141 437 1186; x_wconf 88' lang='lat' dir='ltr'>esse</span> <span class='ocrx_word' id='word_1_42' title='bbox 455 1141 557 1203; x_wconf 89' lang='lat' dir='ltr'>neque</span> <span class='ocrx_word' id='word_1_43' title='bbox 578 1124 742 1198; x_wconf 86' lang='lat' dir='ltr'>desinunt,</span> <span class='ocrx_word' id='word_1_44' title='bbox 763 1123 818 1184; x_wconf 91' lang='lat' dir='ltr'>sed</span> <span class='ocrx_word' id='word_1_45' title='bbox 839 1141 877 1184; x_wconf 89' lang='lat' dir='ltr'>eo</span> <span class='ocrx_word' id='word_1_46' title='bbox 895 1123 991 1184; x_wconf 95' lang='lat' dir='ltr'>modo</span> <span class='ocrx_word' id='word_1_47' title='bbox 1011 1123 1185 1185; x_wconf 79' lang='lat' dir='ltr'>miscentur</span> <span class='ocrx_word' id='word_1_48' title='bbox 1199 1124 1282 1185; x_wconf 92' lang='lat' dir='ltr'>inter</span> 
     </span>
     <span class='ocr_line' id='line_1_7' title="bbox 199 1237 818 1300; baseline -0.006 0"><span class='ocrx_word' id='word_1_49' title='bbox 199 1257 232 1300; x_wconf 88' lang='lat' dir='ltr'>se</span> <span class='ocrx_word' id='word_1_50' title='bbox 246 1243 281 1300; x_wconf 92' lang='lat' dir='ltr'>nt</span> <span class='ocrx_word' id='word_1_51' title='bbox 295 1257 357 1299; x_wconf 90' lang='lat' dir='ltr'>una</span> <span class='ocrx_word' id='word_1_52' title='bbox 372 1239 483 1300; x_wconf 90' lang='lat' dir='ltr'>eadem</span> <span class='ocrx_word' id='word_1_53' title='bbox 497 1255 548 1300; x_wconf 89' lang='lat' dir='ltr'>res</span> <span class='ocrx_word' id='word_1_54' title='bbox 562 1255 630 1299; x_wconf 88' lang='lat' dir='ltr'>esse</span> <span class='ocrx_word' id='word_1_55' title='bbox 643 1237 818 1298; x_wconf 87' lang='lat' dir='ltr'>videantur.</span> 
     </span>
    </p>

    <p class='ocr_par' dir='ltr' id='par_1_3' title="bbox 238 1351 1281 1433">
     <span class='ocr_line' id='line_1_8' title="bbox 238 1351 1281 1433; baseline -0.001 -19"><span class='ocrx_word' id='word_1_56' title='bbox 238 1357 278 1414; x_wconf 85' lang='lat' dir='ltr'>At</span> <span class='ocrx_word' id='word_1_57' title='bbox 291 1354 386 1425; x_wconf 89' lang='lat' dir='ltr'>enim,</span> <span class='ocrx_word' id='word_1_58' title='bbox 402 1353 428 1413; x_wconf 92' lang='lat' dir='ltr'>si</span> <span class='ocrx_word' id='word_1_59' title='bbox 444 1357 548 1433; x_wconf 90' lang='lat' dir='ltr'>partes</span> <span class='ocrx_word' id='word_1_60' title='bbox 561 1353 625 1414; x_wconf 89' lang='lat' dir='ltr'>dati</span> <span class='ocrx_word' id='word_1_61' title='bbox 638 1352 802 1432; x_wconf 75' lang='lat' dir='ltr'>quusdam</span> <span class='ocrx_word' id='word_1_62' title='bbox 815 1351 954 1430; x_wconf 88' lang='lat' dir='ltr'>corporis</span> <span class='ocrx_word' id='word_1_63' title='bbox 970 1351 1052 1413; x_wconf 89' lang='lat' dir='ltr'>inter</span> <span class='ocrx_word' id='word_1_64' title='bbox 1067 1370 1100 1412; x_wconf 91' lang='lat' dir='ltr'>se</span> <span class='ocrx_word' id='word_1_65' title='bbox 1116 1354 1281 1414; x_wconf 88' lang='lat' dir='ltr'>continuas</span> 
     </span>
    </p>
   </div>
   <div class='ocr_carea' id='block_1_3' title="bbox 199 1467 1376 1554">
    <p class='ocr_par' dir='ltr' id='par_1_4' title="bbox 199 1467 1376 1554">
     <span class='ocr_line' id='line_1_9' title="bbox 199 1467 1376 1554; baseline -0.002 -24"><span class='ocrx_word' id='word_1_66' title='bbox 199 1487 268 1530; x_wconf 87' lang='lat' dir='ltr'>esse</span> <span class='ocrx_word' id='word_1_67' title='bbox 290 1468 493 1539; x_wconf 62' lang='lat' dir='ltr'>finxerimus⁸</span> <span class='ocrx_word' id='word_1_68' title='bbox 507 1485 620 1546; x_wconf 89' lang='lat' dir='ltr'>corpus</span> <span class='ocrx_word' id='word_1_69' title='bbox 637 1471 743 1528; x_wconf 89' lang='lat' dir='ltr'>autem</span> <span class='ocrx_word' id='word_1_70' title='bbox 757 1467 941 1544; x_wconf 83' lang='lat' dir='ltr'>contiguum</span> <span class='ocrx_word' id='word_1_71' title='bbox 955 1467 1135 1529; x_wconf 88' lang='lat' dir='ltr'>necessario</span> <span class='ocrx_word' id='word_1_72' title='bbox 1152 1469 1192 1528; x_wconf 89' lang='lat' dir='ltr'>sit</span> <span class='ocrx_word' id='word_1_73' title='bbox 1211 1486 1281 1530; x_wconf 88' lang='lat' dir='ltr'>cor·</span> <span class='ocrx_word' id='word_1_74' title='bbox 1368 1535 1376 1554; x_wconf 52' lang='lat'>‚</span> 
     </span>
    </p>
   </div>
   <div class='ocr_carea' id='block_1_4' title="bbox 199 1582 1287 3491">
    <p class='ocr_par' dir='ltr' id='par_1_5' title="bbox 199 1582 1287 3491">
     <span class='ocr_line' id='line_1_10' title="bbox 199 1582 1280 1663; baseline 0.002 -20"><span class='ocrx_word' id='word_1_75' title='bbox 199 1584 270 1663; x_wconf 92' lang='lat' dir='ltr'>pori</span> <span class='ocrx_word' id='word_1_76' title='bbox 288 1585 322 1644; x_wconf 91' lang='lat' dir='ltr'>in</span> <span class='ocrx_word' id='word_1_77' title='bbox 341 1601 404 1662; x_wconf 92' lang='lat' dir='ltr'>quo</span> <span class='ocrx_word' id='word_1_78' title='bbox 423 1584 612 1658; x_wconf 76' lang='lat' dir='ltr'>continetur,</span> <span class='ocrx_word' id='word_1_79' title='bbox 628 1599 733 1642; x_wconf 92' lang='lat' dir='ltr'>nonne</span> <span class='ocrx_word' id='word_1_80' title='bbox 751 1583 856 1642; x_wconf 88' lang='lat' dir='ltr'>locum</span> <span class='ocrx_word' id='word_1_81' title='bbox 873 1582 998 1661; x_wconf 82' lang='lat' dir='ltr'>corpori</span> <span class='ocrx_word' id='word_1_82' title='bbox 1017 1583 1280 1656; x_wconf 66' lang='lat' dir='ltr'>concesserim,</span> 
     </span>
     <span class='ocr_line' id='line_1_11' title="bbox 199 1696 1281 1782; baseline 0 -22"><span class='ocrx_word' id='word_1_83' title='bbox 199 1700 342 1778; x_wconf 90' lang='lat' dir='ltr'>partibus</span> <span class='ocrx_word' id='word_1_84' title='bbox 367 1703 474 1760; x_wconf 90' lang='lat' dir='ltr'>autem</span> <span class='ocrx_word' id='word_1_85' title='bbox 497 1699 723 1782; x_wconf 80' lang='lat' dir='ltr'>abnuerimus‘l</span> <span class='ocrx_word' id='word_1_86' title='bbox 744 1696 925 1775; x_wconf 86' lang='lat' dir='ltr'>Respondet</span> <span class='ocrx_word' id='word_1_87' title='bbox 951 1697 1136 1759; x_wconf 88' lang='lat' dir='ltr'>Aristoteles</span> <span class='ocrx_word' id='word_1_88' title='bbox 1158 1699 1281 1760; x_wconf 91' lang='lat' dir='ltr'>duobus</span> 
     </span>
     <span class='ocr_line' id='line_1_12' title="bbox 199 1815 1282 1896; baseline -0.003 -19"><span class='ocrx_word' id='word_1_89' title='bbox 199 1818 303 1878; x_wconf 91' lang='lat' dir='ltr'>modis</span> <span class='ocrx_word' id='word_1_90' title='bbox 318 1818 386 1878; x_wconf 89' lang='lat' dir='ltr'>fleri</span> <span class='ocrx_word' id='word_1_91' title='bbox 396 1835 490 1896; x_wconf 90' lang='lat' dir='ltr'>posse</span> <span class='ocrx_word' id='word_1_92' title='bbox 500 1821 535 1878; x_wconf 89' lang='lat' dir='ltr'>nt</span> <span class='ocrx_word' id='word_1_93' title='bbox 548 1835 599 1878; x_wconf 90' lang='lat' dir='ltr'>res</span> <span class='ocrx_word' id='word_1_94' title='bbox 614 1817 721 1877; x_wconf 92' lang='lat' dir='ltr'>locum</span> <span class='ocrx_word' id='word_1_95' title='bbox 730 1816 844 1877; x_wconf 90' lang='lat' dir='ltr'>habeat</span> <span class='ocrx_word' id='word_1_96' title='bbox 855 1834 863 1876; x_wconf 90' lang='lat'>:</span> <span class='ocrx_word' id='word_1_97' title='bbox 875 1821 948 1877; x_wconf 88' lang='lat' dir='ltr'>actu</span> <span class='ocrx_word' id='word_1_98' title='bbox 960 1820 992 1876; x_wconf 89' lang='lat' dir='ltr'>et</span> <span class='ocrx_word' id='word_1_99' title='bbox 1001 1815 1152 1894; x_wconf 86' lang='lat' dir='ltr'>potentia.</span> <span class='ocrx_word' id='word_1_100' title='bbox 1163 1817 1282 1895; x_wconf 83' lang='lat' dir='ltr'>Corpus</span> 
     </span>
     <span class='ocr_line' id='line_1_13' title="bbox 200 1931 1280 2012; baseline -0.002 -20"><span class='ocrx_word' id='word_1_101' title='bbox 200 1933 306 2012; x_wconf 91' lang='lat' dir='ltr'>ipsum</span> <span class='ocrx_word' id='word_1_102' title='bbox 322 1939 391 1994; x_wconf 81' lang='lat' dir='ltr'>octo</span> <span class='ocrx_word' id='word_1_103' title='bbox 411 1934 519 1993; x_wconf 91' lang='lat' dir='ltr'>locum</span> <span class='ocrx_word' id='word_1_104' title='bbox 537 1933 661 2007; x_wconf 90' lang='lat' dir='ltr'>incolit,</span> <span class='ocrx_word' id='word_1_105' title='bbox 678 1933 829 2010; x_wconf 84' lang='lat' dir='ltr'>quoniam</span> <span class='ocrx_word' id='word_1_106' title='bbox 845 1932 944 2010; x_wconf 85' lang='lat' dir='ltr'>tangit</span> <span class='ocrx_word' id='word_1_107' title='bbox 966 1949 1035 1992; x_wconf 89' lang='lat' dir='ltr'>rem</span> <span class='ocrx_word' id='word_1_108' title='bbox 1054 1931 1280 1991; x_wconf 88' lang='lat' dir='ltr'>continentem.</span> 
     </span>
     <span class='ocr_line' id='line_1_14' title="bbox 200 2048 1284 2129; baseline -0.001 -19"><span class='ocrx_word' id='word_1_109' title='bbox 200 2053 278 2111; x_wconf 88' lang='lat' dir='ltr'>Actu</span> <span class='ocrx_word' id='word_1_110' title='bbox 292 2069 418 2129; x_wconf 91' lang='lat' dir='ltr'>quoque</span> <span class='ocrx_word' id='word_1_111' title='bbox 428 2050 533 2112; x_wconf 91' lang='lat' dir='ltr'>locum</span> <span class='ocrx_word' id='word_1_112' title='bbox 545 2051 639 2111; x_wconf 89' lang='lat' dir='ltr'>habet</span> <span class='ocrx_word' id='word_1_113' title='bbox 653 2067 689 2110; x_wconf 89' lang='lat' dir='ltr'>ea</span> <span class='ocrx_word' id='word_1_114' title='bbox 699 2067 771 2128; x_wconf 88' lang='lat' dir='ltr'>pars</span> <span class='ocrx_word' id='word_1_115' title='bbox 782 2067 852 2127; x_wconf 88' lang='lat' dir='ltr'>quae</span> <span class='ocrx_word' id='word_1_116' title='bbox 867 2049 911 2110; x_wconf 86' lang='lat' dir='ltr'>ita</span> <span class='ocrx_word' id='word_1_117' title='bbox 925 2049 958 2109; x_wconf 94' lang='lat' dir='ltr'>in</span> <span class='ocrx_word' id='word_1_118' title='bbox 972 2052 1039 2108; x_wconf 92' lang='lat' dir='ltr'>toto</span> <span class='ocrx_word' id='word_1_119' title='bbox 1054 2048 1233 2110; x_wconf 87' lang='lat' dir='ltr'>continetur</span> <span class='ocrx_word' id='word_1_120' title='bbox 1247 2053 1284 2109; x_wconf 91' lang='lat' dir='ltr'>nt</span> 
     </span>
     <span class='ocr_line' id='line_1_15' title="bbox 201 2163 1279 2245; baseline -0.005 -17"><span class='ocrx_word' id='word_1_121' title='bbox 201 2166 350 2245; x_wconf 85' lang='lat' dir='ltr'>contigua</span> <span class='ocrx_word' id='word_1_122' title='bbox 367 2166 637 2245; x_wconf 85' lang='lat' dir='ltr'>ceterispartibus</span> <span class='ocrx_word' id='word_1_123' title='bbox 653 2165 759 2244; x_wconf 87' lang='lat' dir='ltr'>potius</span> <span class='ocrx_word' id='word_1_124' title='bbox 775 2182 871 2242; x_wconf 88' lang='lat' dir='ltr'>qnam</span> <span class='ocrx_word' id='word_1_125' title='bbox 883 2165 1031 2225; x_wconf 86' lang='lat' dir='ltr'>continua</span> <span class='ocrx_word' id='word_1_126' title='bbox 1045 2163 1088 2224; x_wconf 90' lang='lat' dir='ltr'>sit</span> <span class='ocrx_word' id='word_1_127' title='bbox 1107 2179 1114 2223; x_wconf 93' lang='lat'><strong>:</strong></span> <span class='ocrx_word' id='word_1_128' title='bbox 1133 2181 1279 2242; x_wconf 84' lang='lat' dir='ltr'>granum,</span> 
     </span>
     <span class='ocr_line' id='line_1_16' title="bbox 202 2279 1284 2360; baseline -0.005 -18"><span class='ocrx_word' id='word_1_129' title='bbox 202 2282 339 2360; x_wconf 86' lang='lat' dir='ltr'>exempli</span> <span class='ocrx_word' id='word_1_130' title='bbox 361 2281 475 2360; x_wconf 83' lang='lat' dir='ltr'>gratia,</span> <span class='ocrx_word' id='word_1_131' title='bbox 493 2281 526 2340; x_wconf 95' lang='lat' dir='ltr'>in</span> <span class='ocrx_word' id='word_1_132' title='bbox 542 2297 666 2351; x_wconf 87' lang='lat' dir='ltr'>acervo,</span> <span class='ocrx_word' id='word_1_133' title='bbox 689 2280 807 2358; x_wconf 87' lang='lat' dir='ltr'>quippe</span> <span class='ocrx_word' id='word_1_134' title='bbox 830 2279 917 2356; x_wconf 90' lang='lat' dir='ltr'>qnod</span> <span class='ocrx_word' id='word_1_135' title='bbox 930 2279 991 2339; x_wconf 89' lang='lat' dir='ltr'>alia</span> <span class='ocrx_word' id='word_1_136' title='bbox 1009 2296 1105 2357; x_wconf 84' lang='lat' dir='ltr'>grana</span> <span class='ocrx_word' id='word_1_137' title='bbox 1124 2281 1231 2357; x_wconf 86' lang='lat' dir='ltr'>tangat</span> <span class='ocrx_word' id='word_1_138' title='bbox 1252 2282 1284 2338; x_wconf 90' lang='lat' dir='ltr'>et</span> 
     </span>
     <span class='ocr_line' id='line_1_17' title="bbox 202 2394 1284 2475; baseline -0.004 -17"><span class='ocrx_word' id='word_1_139' title='bbox 202 2398 331 2458; x_wconf 85' lang='lat' dir='ltr'>exsistat</span> <span class='ocrx_word' id='word_1_140' title='bbox 354 2401 545 2475; x_wconf 87' lang='lat' dir='ltr'>separatum.</span> <span class='ocrx_word' id='word_1_141' title='bbox 570 2396 644 2467; x_wconf 77' lang='lat' dir='ltr'>Quae</span> <span class='ocrx_word' id='word_1_142' title='bbox 665 2413 740 2456; x_wconf 87' lang='lat' dir='ltr'>vero</span> <span class='ocrx_word' id='word_1_143' title='bbox 764 2395 892 2473; x_wconf 79' lang='lat' dir='ltr'>proprie</span> <span class='ocrx_word' id='word_1_144' title='bbox 914 2398 1020 2472; x_wconf 89' lang='lat' dir='ltr'>partes</span> <span class='ocrx_word' id='word_1_145' title='bbox 1042 2394 1198 2466; x_wconf 90' lang='lat' dir='ltr'>dicuntur,</span> <span class='ocrx_word' id='word_1_146' title='bbox 1220 2411 1284 2454; x_wconf 92' lang='lat' dir='ltr'>non</span> 
     </span>
     <span class='ocr_line' id='line_1_18' title="bbox 202 2509 1281 2591; baseline -0.006 -18"><span class='ocrx_word' id='word_1_147' title='bbox 202 2513 356 2591; x_wconf 83' lang='lat' dir='ltr'>contiguae</span> <span class='ocrx_word' id='word_1_148' title='bbox 374 2511 456 2573; x_wconf 90' lang='lat' dir='ltr'>inter</span> <span class='ocrx_word' id='word_1_149' title='bbox 471 2529 504 2572; x_wconf 90' lang='lat' dir='ltr'>se</span> <span class='ocrx_word' id='word_1_150' title='bbox 527 2513 582 2573; x_wconf 91' lang='lat' dir='ltr'>sed</span> <span class='ocrx_word' id='word_1_151' title='bbox 594 2511 766 2585; x_wconf 83' lang='lat' dir='ltr'>continuae,</span> <span class='ocrx_word' id='word_1_152' title='bbox 784 2527 829 2570; x_wconf 83' lang='lat' dir='ltr'>eae</span> <span class='ocrx_word' id='word_1_153' title='bbox 844 2510 948 2570; x_wconf 91' lang='lat' dir='ltr'>locum</span> <span class='ocrx_word' id='word_1_154' title='bbox 969 2513 1104 2588; x_wconf 78' lang='lat' dir='ltr'>potentio</span> <span class='ocrx_word' id='word_1_155' title='bbox 1122 2509 1281 2580; x_wconf 89' lang='lat' dir='ltr'>obtinent,</span> 
     </span>
     <span class='ocr_line' id='line_1_19' title="bbox 202 2623 1282 2704; baseline -0.005 -17"><span class='ocrx_word' id='word_1_156' title='bbox 202 2645 266 2688; x_wconf 93' lang='lat' dir='ltr'>non</span> <span class='ocrx_word' id='word_1_157' title='bbox 290 2625 396 2688; x_wconf 77' lang='lat' dir='ltr'>actu⁴.</span> <span class='ocrx_word' id='word_1_158' title='bbox 422 2627 471 2699; x_wconf 88' lang='lat' dir='ltr'>Si,</span> <span class='ocrx_word' id='word_1_159' title='bbox 499 2627 598 2687; x_wconf 83' lang='lat' dir='ltr'>fracto</span> <span class='ocrx_word' id='word_1_160' title='bbox 626 2643 771 2704; x_wconf 88' lang='lat' dir='ltr'>corpore,</span> <span class='ocrx_word' id='word_1_161' title='bbox 795 2629 899 2703; x_wconf 90' lang='lat' dir='ltr'>partes</span> <span class='ocrx_word' id='word_1_162' title='bbox 926 2625 1060 2685; x_wconf 87' lang='lat' dir='ltr'>inclusas</span> <span class='ocrx_word' id='word_1_163' title='bbox 1082 2623 1282 2697; x_wconf 85' lang='lat' dir='ltr'>liberaveris,</span> 
     </span>
     <span class='ocr_line' id='line_1_20' title="bbox 203 2738 1286 2823; baseline -0.005 -20"><span class='ocrx_word' id='word_1_164' title='bbox 203 2761 275 2823; x_wconf 89' lang='lat' dir='ltr'>pars</span> <span class='ocrx_word' id='word_1_165' title='bbox 296 2760 492 2820; x_wconf 84' lang='lat' dir='ltr'>unaquaeque</span> <span class='ocrx_word' id='word_1_166' title='bbox 513 2743 620 2803; x_wconf 89' lang='lat' dir='ltr'>locum</span> <span class='ocrx_word' id='word_1_167' title='bbox 639 2741 783 2820; x_wconf 88' lang='lat' dir='ltr'>protinus</span> <span class='ocrx_word' id='word_1_168' title='bbox 802 2739 989 2819; x_wconf 91' lang='lat' dir='ltr'>occupabit:</span> <span class='ocrx_word' id='word_1_169' title='bbox 1005 2738 1044 2800; x_wconf 91' lang='lat' dir='ltr'>ad</span> <span class='ocrx_word' id='word_1_170' title='bbox 1064 2740 1168 2800; x_wconf 91' lang='lat' dir='ltr'>locum</span> <span class='ocrx_word' id='word_1_171' title='bbox 1187 2739 1286 2817; x_wconf 83' lang='lat' dir='ltr'>igitur</span> 
     </span>
     <span class='ocr_line' id='line_1_21' title="bbox 200 2854 1283 2936; baseline -0.004 -18"><span class='ocrx_word' id='word_1_172' title='bbox 200 2859 266 2936; x_wconf 89' lang='lat' dir='ltr'>jam</span> <span class='ocrx_word' id='word_1_173' title='bbox 278 2857 516 2919; x_wconf 88' lang='lat' dir='ltr'>accommodata</span> <span class='ocrx_word' id='word_1_174' title='bbox 531 2860 612 2929; x_wconf 85' lang='lat' dir='ltr'>erat,</span> <span class='ocrx_word' id='word_1_175' title='bbox 630 2873 730 2932; x_wconf 87' lang='lat' dir='ltr'>eoque</span> <span class='ocrx_word' id='word_1_176' title='bbox 743 2855 839 2916; x_wconf 90' lang='lat' dir='ltr'>modo</span> <span class='ocrx_word' id='word_1_177' title='bbox 854 2856 958 2915; x_wconf 89' lang='lat' dir='ltr'>locum</span> <span class='ocrx_word' id='word_1_178' title='bbox 970 2854 1106 2915; x_wconf 88' lang='lat' dir='ltr'>habebat</span> <span class='ocrx_word' id='word_1_179' title='bbox 1117 2857 1283 2933; x_wconf 90' lang='lat' dir='ltr'>potestate.</span> 
     </span>
     <span class='ocr_line' id='line_1_22' title="bbox 205 2968 1287 3050; baseline -0.004 -18"><span class='ocrx_word' id='word_1_180' title='bbox 205 2971 348 3042; x_wconf 82' lang='lat' dir='ltr'>Ouandiu</span> <span class='ocrx_word' id='word_1_181' title='bbox 361 2975 467 3032; x_wconf 90' lang='lat' dir='ltr'>autem</span> <span class='ocrx_word' id='word_1_182' title='bbox 482 2971 657 3050; x_wconf 90' lang='lat' dir='ltr'>incorpore</span> <span class='ocrx_word' id='word_1_183' title='bbox 671 2971 799 3031; x_wconf 89' lang='lat' dir='ltr'>inclusae</span> <span class='ocrx_word' id='word_1_184' title='bbox 813 2974 918 3048; x_wconf 89' lang='lat' dir='ltr'>partes</span> <span class='ocrx_word' id='word_1_185' title='bbox 930 2968 1151 3030; x_wconf 89' lang='lat' dir='ltr'>continuantur</span> <span class='ocrx_word' id='word_1_186' title='bbox 1160 2972 1192 3029; x_wconf 89' lang='lat' dir='ltr'>et</span> <span class='ocrx_word' id='word_1_187' title='bbox 1204 2968 1287 3030; x_wconf 92' lang='lat' dir='ltr'>inter</span> 
     </span>
     <span class='ocr_line' id='line_1_23' title="bbox 206 3085 1284 3167; baseline -0.001 -21"><span class='ocrx_word' id='word_1_188' title='bbox 206 3104 238 3146; x_wconf 93' lang='lat' dir='ltr'>se</span> <span class='ocrx_word' id='word_1_189' title='bbox 256 3087 483 3162; x_wconf 84' lang='lat' dir='ltr'>cohaerescunt,</span> <span class='ocrx_word' id='word_1_190' title='bbox 498 3086 609 3147; x_wconf 89' lang='lat' dir='ltr'>tandiu</span> <span class='ocrx_word' id='word_1_191' title='bbox 626 3087 659 3147; x_wconf 94' lang='lat' dir='ltr'>in</span> <span class='ocrx_word' id='word_1_192' title='bbox 674 3103 804 3165; x_wconf 88' lang='lat' dir='ltr'>corpore</span> <span class='ocrx_word' id='word_1_193' title='bbox 819 3085 961 3167; x_wconf 89' lang='lat' dir='ltr'>habitant</span> <span class='ocrx_word' id='word_1_194' title='bbox 973 3085 1059 3145; x_wconf 92' lang='lat' dir='ltr'>velut</span> <span class='ocrx_word' id='word_1_195' title='bbox 1072 3102 1145 3163; x_wconf 89' lang='lat' dir='ltr'>pars</span> <span class='ocrx_word' id='word_1_196' title='bbox 1159 3085 1190 3144; x_wconf 96' lang='lat' dir='ltr'>in</span> <span class='ocrx_word' id='word_1_197' title='bbox 1206 3088 1284 3158; x_wconf 91' lang='lat' dir='ltr'>toto,</span> 
     </span>
     <span class='ocr_line' id='line_1_24' title="bbox 204 3199 1287 3278; baseline 0 -19"><span class='ocrx_word' id='word_1_198' title='bbox 204 3217 267 3260; x_wconf 92' lang='lat' dir='ltr'>non</span> <span class='ocrx_word' id='word_1_199' title='bbox 282 3203 316 3261; x_wconf 92' lang='lat' dir='ltr'>ut</span> <span class='ocrx_word' id='word_1_200' title='bbox 330 3201 469 3260; x_wconf 90' lang='lat' dir='ltr'>locatum</span> <span class='ocrx_word' id='word_1_201' title='bbox 488 3199 521 3259; x_wconf 95' lang='lat' dir='ltr'>in</span> <span class='ocrx_word' id='word_1_202' title='bbox 538 3199 609 3260; x_wconf 91' lang='lat' dir='ltr'>loco</span> <span class='ocrx_word' id='word_1_203' title='bbox 627 3217 634 3260; x_wconf 93' lang='lat'>:</span> <span class='ocrx_word' id='word_1_204' title='bbox 653 3199 800 3278; x_wconf 84' lang='lat' dir='ltr'>delegant</span> <span class='ocrx_word' id='word_1_205' title='bbox 814 3199 943 3260; x_wconf 88' lang='lat' dir='ltr'>interim</span> <span class='ocrx_word' id='word_1_206' title='bbox 954 3199 1081 3278; x_wconf 91' lang='lat' dir='ltr'>corpori</span> <span class='ocrx_word' id='word_1_207' title='bbox 1096 3200 1172 3272; x_wconf 90' lang='lat' dir='ltr'>toti,</span> <span class='ocrx_word' id='word_1_208' title='bbox 1192 3204 1227 3260; x_wconf 92' lang='lat' dir='ltr'>ut</span> <span class='ocrx_word' id='word_1_209' title='bbox 1245 3200 1287 3259; x_wconf 91' lang='lat' dir='ltr'>ita</span> 
     </span>
     <span class='ocr_line' id='line_1_25' title="bbox 207 3314 1287 3392; baseline 0 -18"><span class='ocrx_word' id='word_1_210' title='bbox 207 3315 323 3386; x_wconf 88' lang='lat' dir='ltr'>dicam,</span> <span class='ocrx_word' id='word_1_211' title='bbox 342 3333 411 3375; x_wconf 90' lang='lat' dir='ltr'>eam</span> <span class='ocrx_word' id='word_1_212' title='bbox 432 3315 498 3376; x_wconf 86' lang='lat' dir='ltr'>vim</span> <span class='ocrx_word' id='word_1_213' title='bbox 513 3314 678 3376; x_wconf 92' lang='lat' dir='ltr'>obtinendi</span> <span class='ocrx_word' id='word_1_214' title='bbox 698 3316 818 3389; x_wconf 88' lang='lat' dir='ltr'>locum,</span> <span class='ocrx_word' id='word_1_215' title='bbox 835 3332 931 3392; x_wconf 86' lang='lat' dir='ltr'>quam</span> <span class='ocrx_word' id='word_1_216' title='bbox 949 3315 1090 3376; x_wconf 86' lang='lat' dir='ltr'>liberatae</span> <span class='ocrx_word' id='word_1_217' title='bbox 1106 3315 1166 3374; x_wconf 91' lang='lat' dir='ltr'>sibi</span> <span class='ocrx_word' id='word_1_218' title='bbox 1183 3314 1287 3376; x_wconf 88' lang='lat' dir='ltr'>vindi-</span> 
     </span>
     <span class='ocr_line' id='line_1_26' title="bbox 206 3428 352 3491; baseline 0 -1"><span class='ocrx_word' id='word_1_219' title='bbox 206 3428 352 3491; x_wconf 80' lang='lat' dir='ltr'>cabunt².</span> 
     </span>
    </p>
   </div>
   <div class='ocr_carea' id='block_1_5' title="bbox 207 3619 1293 4311">
    <p class='ocr_par' dir='ltr' id='par_1_6' title="bbox 207 3619 1290 3870">
     <span class='ocr_line' id='line_1_27' title="bbox 237 3619 1287 3695; baseline 0 -21"><span class='ocrx_word' id='word_1_220' title='bbox 237 3624 271 3687; x_wconf 88' lang='lat' dir='ltr'>(l)</span> <span class='ocrx_word' id='word_1_221' title='bbox 284 3624 363 3688; x_wconf 76' lang='lat' dir='ltr'>Phys.</span> <span class='ocrx_word' id='word_1_222' title='bbox 380 3626 427 3685; x_wconf 89' lang='lat' dir='ltr'>lv,</span> <span class='ocrx_word' id='word_1_223' title='bbox 443 3630 502 3684; x_wconf 78' lang='lat'>212,</span> <span class='ocrx_word' id='word_1_224' title='bbox 519 3624 549 3686; x_wconf 91' lang='lat' dir='ltr'>b,</span> <span class='ocrx_word' id='word_1_225' title='bbox 564 3630 581 3695; x_wconf 25' lang='grc'>,3</span> <span class='ocrx_word' id='word_1_226' title='bbox 598 3643 603 3674; x_wconf 92' lang='lat'>:</span> <span class='ocrx_word' id='word_1_227' title='bbox 622 3626 652 3674; x_wconf 83' lang='grc' dir='ltr'>τὰ</span> <span class='ocrx_word' id='word_1_228' title='bbox 671 3627 713 3689; x_wconf 88' lang='grc' dir='ltr'>μέν</span> <span class='ocrx_word' id='word_1_229' title='bbox 727 3625 793 3676; x_wconf 81' lang='grc' dir='ltr'>ἐστιν</span> <span class='ocrx_word' id='word_1_230' title='bbox 809 3627 833 3676; x_wconf 86' lang='grc' dir='ltr'>ἐν</span> <span class='ocrx_word' id='word_1_231' title='bbox 847 3625 914 3690; x_wconf 86' lang='grc' dir='ltr'>τόπῳ</span> <span class='ocrx_word' id='word_1_232' title='bbox 929 3625 994 3675; x_wconf 81' lang='grc' dir='ltr'>κατὰ</span> <span class='ocrx_word' id='word_1_233' title='bbox 1009 3619 1125 3688; x_wconf 78' lang='grc' dir='ltr'>δύναμιν,</span> <span class='ocrx_word' id='word_1_234' title='bbox 1141 3625 1172 3674; x_wconf 83' lang='grc' dir='ltr'>τὰ</span> <span class='ocrx_word' id='word_1_235' title='bbox 1186 3625 1212 3674; x_wconf 84' lang='grc' dir='ltr'>δὲ</span> <span class='ocrx_word' id='word_1_236' title='bbox 1231 3624 1287 3674; x_wconf 78' lang='grc' dir='ltr'>κατ’</span> 
     </span>
     <span class='ocr_line' id='line_1_28' title="bbox 207 3714 1290 3780; baseline 0 -18"><span class='ocrx_word' id='word_1_237' title='bbox 207 3714 338 3779; x_wconf 82' lang='grc' dir='ltr'>ἐνέργειαν.</span> <span class='ocrx_word' id='word_1_238' title='bbox 357 3715 401 3764; x_wconf 85' lang='grc' dir='ltr'>Διὸ</span> <span class='ocrx_word' id='word_1_239' title='bbox 416 3715 473 3764; x_wconf 90' lang='grc' dir='ltr'>όταν</span> <span class='ocrx_word' id='word_1_240' title='bbox 489 3714 530 3778; x_wconf 82' lang='grc' dir='ltr'>μὲν</span> <span class='ocrx_word' id='word_1_241' title='bbox 552 3716 650 3780; x_wconf 81' lang='grc' dir='ltr'>συνεχὲς</span> <span class='ocrx_word' id='word_1_242' title='bbox 670 3715 727 3778; x_wconf 81' lang='grc' dir='ltr'>ῇτό</span> <span class='ocrx_word' id='word_1_243' title='bbox 746 3715 901 3778; x_wconf 82' lang='grc' dir='ltr'>ὁμοιομερές,</span> <span class='ocrx_word' id='word_1_244' title='bbox 921 3715 985 3763; x_wconf 79' lang='grc' dir='ltr'>κατὰ</span> <span class='ocrx_word' id='word_1_245' title='bbox 1000 3714 1100 3777; x_wconf 82' lang='grc' dir='ltr'>δύναμιν</span> <span class='ocrx_word' id='word_1_246' title='bbox 1124 3716 1149 3764; x_wconf 84' lang='grc' dir='ltr'>ὲν</span> <span class='ocrx_word' id='word_1_247' title='bbox 1172 3714 1240 3779; x_wconf 89' lang='grc' dir='ltr'>τόπῳ</span> <span class='ocrx_word' id='word_1_248' title='bbox 1258 3714 1290 3762; x_wconf 87' lang='grc' dir='ltr'>τὰ</span> 
     </span>
     <span class='ocr_line' id='line_1_29' title="bbox 208 3801 1147 3870; baseline 0.001 -20"><span class='ocrx_word' id='word_1_249' title='bbox 208 3802 281 3867; x_wconf 85' lang='grc' dir='ltr'>μέρη,</span> <span class='ocrx_word' id='word_1_250' title='bbox 297 3803 354 3851; x_wconf 84' lang='grc' dir='ltr'>όταν</span> <span class='ocrx_word' id='word_1_251' title='bbox 368 3804 393 3852; x_wconf 85' lang='grc' dir='ltr'>δὲ</span> <span class='ocrx_word' id='word_1_252' title='bbox 405 3807 513 3869; x_wconf 79' lang='grc' dir='ltr'>χωρισθῇ</span> <span class='ocrx_word' id='word_1_253' title='bbox 526 3805 568 3867; x_wconf 85' lang='grc' dir='ltr'>μὲν</span> <span class='ocrx_word' id='word_1_254' title='bbox 583 3805 689 3863; x_wconf 75' lang='grc' dir='ltr'>ἅπτηται</span> <span class='ocrx_word' id='word_1_255' title='bbox 703 3805 728 3853; x_wconf 84' lang='grc' dir='ltr'>δὲ</span> <span class='ocrx_word' id='word_1_256' title='bbox 743 3803 826 3868; x_wconf 79' lang='grc' dir='ltr'>ὥσπερ</span> <span class='ocrx_word' id='word_1_257' title='bbox 839 3804 933 3869; x_wconf 82' lang='grc' dir='ltr'>σωρός,</span> <span class='ocrx_word' id='word_1_258' title='bbox 945 3801 1005 3852; x_wconf 83' lang='grc' dir='ltr'>κατ’</span> <span class='ocrx_word' id='word_1_259' title='bbox 1017 3803 1147 3870; x_wconf 81' lang='grc' dir='ltr'>ἐνέργειαν.</span> 
     </span>
    </p>

    <p class='ocr_par' dir='ltr' id='par_1_7' title="bbox 209 3889 1293 4311">
     <span class='ocr_line' id='line_1_30' title="bbox 239 3889 1291 3955; baseline 0 -15"><span class='ocrx_word' id='word_1_260' title='bbox 239 3890 272 3954; x_wconf 74' lang='lat' dir='ltr'>(a)</span> <span class='ocrx_word' id='word_1_261' title='bbox 287 3891 470 3954; x_wconf 85' lang='lat' dir='ltr'>intellegemus</span> <span class='ocrx_word' id='word_1_262' title='bbox 482 3906 552 3941; x_wconf 92' lang='lat' dir='ltr'>nunc</span> <span class='ocrx_word' id='word_1_263' title='bbox 566 3893 674 3942; x_wconf 81' lang='lat' dir='ltr'>tortasse</span> <span class='ocrx_word' id='word_1_264' title='bbox 687 3891 840 3942; x_wconf 87' lang='lat' dir='ltr'>sententiam</span> <span class='ocrx_word' id='word_1_265' title='bbox 853 3891 981 3955; x_wconf 81' lang='lat' dir='ltr'>quandam</span> <span class='ocrx_word' id='word_1_266' title='bbox 994 3890 1027 3940; x_wconf 83' lang='lat' dir='ltr'>ad</span> <span class='ocrx_word' id='word_1_267' title='bbox 1040 3891 1114 3940; x_wconf 89' lang='lat' dir='ltr'>inane</span> <span class='ocrx_word' id='word_1_268' title='bbox 1129 3890 1205 3940; x_wconf 86' lang='lat' dir='ltr'>simul</span> <span class='ocrx_word' id='word_1_269' title='bbox 1219 3894 1244 3941; x_wconf 89' lang='lat' dir='ltr'>et</span> <span class='ocrx_word' id='word_1_270' title='bbox 1259 3889 1291 3940; x_wconf 87' lang='lat' dir='ltr'>ad</span> 
     </span>
     <span class='ocr_line' id='line_1_31' title="bbox 209 3977 1290 4044; baseline -0.002 -15"><span class='ocrx_word' id='word_1_271' title='bbox 209 3979 292 4030; x_wconf 88' lang='lat' dir='ltr'>locum</span> <span class='ocrx_word' id='word_1_272' title='bbox 307 3980 492 4044; x_wconf 85' lang='lat' dir='ltr'>pertinentem,</span> <span class='ocrx_word' id='word_1_273' title='bbox 507 3993 586 4044; x_wconf 82' lang='lat' dir='ltr'>qnam</span> <span class='ocrx_word' id='word_1_274' title='bbox 602 3979 700 4031; x_wconf 79' lang='lat' dir='ltr'>bekker</span> <span class='ocrx_word' id='word_1_275' title='bbox 715 3980 844 4044; x_wconf 88' lang='lat' dir='ltr'>ceterique</span> <span class='ocrx_word' id='word_1_276' title='bbox 859 3979 951 4029; x_wconf 91' lang='lat' dir='ltr'>mendo</span> <span class='ocrx_word' id='word_1_277' title='bbox 967 3979 1111 4042; x_wconf 74' lang='lat' dir='ltr'>seilpturae,</span> <span class='ocrx_word' id='word_1_278' title='bbox 1127 3977 1233 4027; x_wconf 82' lang='lat' dir='ltr'>etmihi</span> <span class='ocrx_word' id='word_1_279' title='bbox 1251 3978 1290 4027; x_wconf 87' lang='lat' dir='ltr'>vi·</span> 
     </span>
     <span class='ocr_line' id='line_1_32' title="bbox 209 4067 1291 4132; baseline -0.002 -15"><span class='ocrx_word' id='word_1_280' title='bbox 209 4068 293 4130; x_wconf 84' lang='lat' dir='ltr'>detur,</span> <span class='ocrx_word' id='word_1_281' title='bbox 308 4067 385 4119; x_wconf 81' lang='lat' dir='ltr'>valde</span> <span class='ocrx_word' id='word_1_282' title='bbox 403 4069 538 4119; x_wconf 84' lang='lat' dir='ltr'>obscuram</span> <span class='ocrx_word' id='word_1_283' title='bbox 556 4069 697 4119; x_wconf 82' lang='lat' dir='ltr'>effecerunt</span> <span class='ocrx_word' id='word_1_284' title='bbox 711 4087 716 4118; x_wconf 93' lang='lat'><strong>:</strong></span> <span class='ocrx_word' id='word_1_285' title='bbox 732 4070 774 4119; x_wconf 82' lang='grc' dir='ltr'>καὶ</span> <span class='ocrx_word' id='word_1_286' title='bbox 790 4071 843 4125; x_wconf 83' lang='grc' dir='ltr'>πῶς</span> <span class='ocrx_word' id='word_1_287' title='bbox 857 4070 952 4119; x_wconf 80' lang='grc' dir='ltr'>ἐνέσται</span> <span class='ocrx_word' id='word_1_288' title='bbox 966 4071 981 4129; x_wconf 82' lang='grc' dir='ltr'><strong>ἢ</strong></span> <span class='ocrx_word' id='word_1_289' title='bbox 1000 4071 1025 4119; x_wconf 88' lang='grc' dir='ltr'>ἐν</span> <span class='ocrx_word' id='word_1_290' title='bbox 1042 4075 1077 4131; x_wconf 86' lang='grc' dir='ltr'>τῷ</span> <span class='ocrx_word' id='word_1_291' title='bbox 1090 4069 1159 4132; x_wconf 86' lang='grc' dir='ltr'>τόπῳ</span> <span class='ocrx_word' id='word_1_292' title='bbox 1177 4071 1192 4127; x_wconf 83' lang='grc' dir='ltr'>ἢ</span> <span class='ocrx_word' id='word_1_293' title='bbox 1214 4069 1238 4116; x_wconf 87' lang='grc' dir='ltr'>ἑν</span> <span class='ocrx_word' id='word_1_294' title='bbox 1255 4069 1291 4131; x_wconf 82' lang='grc' dir='ltr'>τῷ</span> 
     </span>
     <span class='ocr_line' id='line_1_33' title="bbox 210 4156 1293 4224; baseline -0.003 -17"><span class='ocrx_word' id='word_1_295' title='bbox 210 4163 291 4220; x_wconf 57' lang='lat' dir='ltr'>aevo,</span> <span class='ocrx_word' id='word_1_296' title='bbox 308 4159 336 4208; x_wconf 84' lang='grc' dir='ltr'>οὺ</span> <span class='ocrx_word' id='word_1_297' title='bbox 355 4159 403 4224; x_wconf 79' lang='grc' dir='ltr'>γὰρ</span> <span class='ocrx_word' id='word_1_298' title='bbox 416 4158 558 4220; x_wconf 78' lang='grc' dir='ltr'>σνμὸαίνει,</span> <span class='ocrx_word' id='word_1_299' title='bbox 573 4157 631 4207; x_wconf 89' lang='grc' dir='ltr'>όταν</span> <span class='ocrx_word' id='word_1_300' title='bbox 649 4160 704 4208; x_wconf 80' lang='grc' dir='ltr'>ό).ον</span> <span class='ocrx_word' id='word_1_301' title='bbox 718 4160 775 4220; x_wconf 79' lang='grc' dir='ltr'>τεθῇ</span> <span class='ocrx_word' id='word_1_302' title='bbox 791 4159 815 4206; x_wconf 88' lang='grc' dir='ltr'>ἑν</span> <span class='ocrx_word' id='word_1_303' title='bbox 825 4158 999 4221; x_wconf 79' lang='grc' dir='ltr'>κεχωρισμένῳ</span> <span class='ocrx_word' id='word_1_304' title='bbox 1011 4157 1079 4220; x_wconf 87' lang='grc' dir='ltr'>τόπῳ</span> <span class='ocrx_word' id='word_1_305' title='bbox 1094 4157 1135 4204; x_wconf 83' lang='grc' dir='ltr'>καὶ</span> <span class='ocrx_word' id='word_1_306' title='bbox 1147 4156 1293 4219; x_wconf 81' lang='grc' dir='ltr'>ὑπομένοντι</span> 
     </span>
     <span class='ocr_line' id='line_1_34' title="bbox 211 4244 1291 4311; baseline -0.001 -16"><span class='ocrx_word' id='word_1_307' title='bbox 211 4249 314 4310; x_wconf 76' lang='grc' dir='ltr'>σώματι</span> <span class='ocrx_word' id='word_1_308' title='bbox 341 4248 431 4310; x_wconf 73' lang='lat' dir='ltr'>(Phys.</span> <span class='ocrx_word' id='word_1_309' title='bbox 446 4249 489 4307; x_wconf 89' lang='lat' dir='ltr'>lV,</span> <span class='ocrx_word' id='word_1_310' title='bbox 506 4251 564 4307; x_wconf 80' lang='grc'>214,</span> <span class='ocrx_word' id='word_1_311' title='bbox 580 4247 609 4309; x_wconf 88' lang='lat' dir='ltr'>b,</span> <span class='ocrx_word' id='word_1_312' title='bbox 621 4247 671 4310; x_wconf 78' lang='lat' dir='ltr'>tl.)</span> <span class='ocrx_word' id='word_1_313' title='bbox 682 4247 709 4298; x_wconf 86' lang='lat' dir='ltr'>Si</span> <span class='ocrx_word' id='word_1_314' title='bbox 724 4247 797 4310; x_wconf 85' lang='grc' dir='ltr'>σῶμά</span> <span class='ocrx_word' id='word_1_315' title='bbox 807 4264 830 4296; x_wconf 88' lang='grc' dir='ltr'>τι</span> <span class='ocrx_word' id='word_1_316' title='bbox 842 4260 889 4311; x_wconf 88' lang='lat' dir='ltr'>pro</span> <span class='ocrx_word' id='word_1_317' title='bbox 901 4249 997 4309; x_wconf 88' lang='grc' dir='ltr'>σώματι</span> <span class='ocrx_word' id='word_1_318' title='bbox 1009 4244 1227 4304; x_wconf 84' lang='lat' dir='ltr'>substituerinms,</span> <span class='ocrx_word' id='word_1_319' title='bbox 1241 4247 1291 4294; x_wconf 79' lang='lat' dir='ltr'>sla·</span> 
     </span>
    </p>
   </div>
   <div class='ocr_carea' id='block_1_6' title="bbox 0 0 1605 5054">
    <p class='ocr_par' dir='ltr' id='par_1_8' title="bbox 0 0 1605 5054">
     <span class='ocr_line' id='line_1_35' title="bbox 0 0 1605 5054; baseline 0 0"><span class='ocrx_word' id='word_1_320' title='bbox 0 0 1605 5054; x_wconf 95' lang='lat' dir='ltr'> </span> 
     </span>
    </p>
   </div>
  </div>
 </body>
</html>
