3160 5054
562 507 604 556 DE
619 505 706 557 Loco
724 507 886 558 SENSERlT.
1253 514 1270 558 9

186 649 466 710 demonstrabitur.
486 651 563 710 Nam
578 649 659 711 sicut
676 651 801 729 corpori
821 651 898 729 ipsi,
920 651 1015 712 itaet
1036 651 1214 730 superficiei
1237 657 1268 713 ct

186 765 300 826 ceteris
317 765 457 844 corporis
478 765 623 826 terminis
645 769 766 827 certum
787 751 1178 846 definitumque'spatium
1199 784 1267 828 esse

186 883 326 958 oportet,
357 881 505 958 quoniam
535 881 590 941 ubi
621 881 768 960 planities
798 899 888 960 aquae
921 882 1186 960 conspiciebatur,
1216 886 1269 944 aut

184 996 282 1069 linea,
308 999 362 1056 aut
385 1000 554 1074 punctum,
581 996 626 1056 ibi
651 997 854 1075 potissimum
880 997 962 1057 aeris
986 997 1167 1075 planitiem,
1187 997 1268 1058 aeris

188 1111 319 1183 lineam,
345 1112 428 1172 aeris
451 1116 604 1190 punctum
630 1112 745 1172 deinde
769 1112 979 1173 inveniemus.
1004 1112 1065 1172 Sed
1091 1113 1164 1190 quia
1189 1112 1268 1173 nihil

186 1227 318 1287 interest
336 1227 420 1287 inter
439 1230 590 1305 punctum
610 1231 641 1288 et
659 1228 764 1288 locum
782 1228 905 1305 puncti,
921 1227 1033 1288 ecdem
1053 1228 1148 1288 modo
1168 1231 1200 1288 ot
1215 1245 1268 1289 su-

186 1343 326 1421 perficiei
349 1344 456 1404 locum
478 1360 549 1404 cum
570 1343 751 1421 superficie,
770 1346 802 1403 ct
820 1342 960 1421 corporis
983 1343 1089 1404 locum
1109 1360 1180 1403 cum
1202 1361 1268 1404 cor-

184 1475 260 1536 pore
276 1458 429 1520 debemus
442 1459 632 1519 confundere
644 1457 667 1518 ⁴.

227 1573 309 1634 lllud
324 1577 430 1634 autem
448 1591 559 1634 rursus
574 1575 762 1652 ambigetur,
779 1592 833 1634 cur
847 1574 930 1635 inter
948 1579 1100 1652 punctum
1116 1578 1147 1634 et
1161 1574 1268 1634 locum

187 1689 295 1767 puncti
310 1688 391 1749 nihil
406 1689 541 1750 intersit.
557 1690 778 1750 Obscuriorem
790 1689 870 1749 hanc
885 1690 1062 1750 Aristotelis
1075 1693 1270 1768 argumenta·

189 1805 311 1864 tionem
339 1803 532 1884 Philoponus
557 1809 588 1865 et
612 1804 794 1882 Simplicius
819 1805 952 1866 diversis
976 1805 1080 1864 modis
1105 1806 1269 1865 enucleare

189 1923 351 1992 conantur,
379 1924 512 1998 uterquc
540 1920 703 1999 sagaciter.
730 1921 885 1983 Punctum
908 1920 994 1981 enim
1018 1920 1219 1980 individuum
1243 1920 1269 1980 si

186 2035 427 2096 distinxerimus
455 2055 472 2096 a
495 2037 566 2096 loco
588 2037 711 2115 puncti,
737 2035 816 2096 duas
838 2053 904 2107 res,
930 2039 1082 2114 punctum
1106 2039 1138 2095 et
1165 2035 1270 2096 locum

185 2150 310 2228 puncti,
333 2150 364 2210 in
383 2151 583 2212 individuum
598 2156 749 2230 punctum
768 2151 995 2212 immiserimus
1007 2149 1031 2210 ².
1052 2155 1125 2212 Haec
1144 2150 1271 2227 Simpli-

185 2267 263 2326 cius.
285 2265 477 2346 Philoponus
491 2267 593 2340 aliter,
608 2271 655 2340 et,
671 2271 706 2328 ut
720 2266 799 2326 mihi
813 2267 949 2338 videtur,
967 2266 1158 2327 Aristotelia
1173 2265 1269 2326 disci-

186 2364 281 2459 plinae
295 2382 530 2460 congruentius.
546 2385 589 2442 Eo
600 2381 695 2461 igitur
709 2382 805 2442 modo
818 2382 946 2442 disserit
962 2401 969 2442 :
987 2381 1013 2442 si
1025 2399 1117 2443 suum
1130 2385 1161 2441 ct
1176 2398 1271 2459 punc-

186 2501 218 2557 to
238 2497 343 2557 locum
363 2497 563 2575 ascripseris,
592 2501 647 2558 aut
666 2499 861 2577 superiorem
881 2501 935 2558 aut
950 2497 1133 2558 inlariorom
1154 2497 1268 2574 lingeS,

143 2646 147 2653 ,
188 2613 325 2690 exempli
345 2613 459 2690 gratia,
481 2613 655 2673 naturalem
677 2613 807 2692 hujusce
829 2613 940 2691 puncti
962 2630 1030 2672 esse
1052 2612 1168 2672 locum.
1191 2613 1270 2672 Cum

107 2728 110 2732 ’
186 2744 261 2787 vcro
270 2728 378 2805 gravia
391 2727 536 2788 dicantur
546 2745 583 2789 ea
593 2746 663 2807 quac
674 2729 857 2789 inferiorem
869 2729 976 2789 locum
986 2731 1097 2788 natura
1109 2725 1268 2798 obtinent,

186 2841 268 2903 levia
280 2848 385 2904 autem
398 2843 452 2903 illa
462 2862 532 2922 quae
544 2845 685 2906 eminent
695 2845 727 2904 in
739 2845 809 2904 loco
823 2845 1000 2922 superiore,
1013 2860 1141 2904 necesse
1155 2846 1202 2903 cst
1215 2845 1270 2902 aut

188 2957 372 3038 gravitatem
385 2963 438 3021 aut
457 2959 616 3020 levitatem
635 2963 752 3038 puncto
771 2960 911 3038 assignes
934 2978 940 3019 :
963 2959 1047 3038 quod
1067 2959 1153 3020 nullo
1173 2958 1269 3020 modo

219 3163 252 3227 (1)
263 3163 344 3228 Papa.
359 3166 401 3222 lV,
416 3168 470 3225 209,
482 3178 505 3226 a,
516 3170 530 3215 8
545 3182 549 3213 :
564 3164 599 3214 ἔτι
611 3164 677 3228 εἴπερ
687 3165 740 3214 ἐστὶ
752 3167 867 3228 σώματος
876 3163 949 3221 τόπος
958 3166 1000 3214 καὶ
1011 3164 1086 3228 χώρα,
1099 3165 1171 3222 δῆλον
1180 3164 1217 3212 ότι
1228 3164 1270 3212 καὶ

191 3254 384 3318 ἐπιφανείαςκαὶ
400 3256 449 3303 τῶν
463 3257 555 3304 λοιπῶν
569 3255 693 3320 περάτων·
708 3254 779 3320 ὁγὰρ
795 3255 866 3311 αὐτὸς
881 3255 984 3319 ἁρμόσει
1000 3253 1079 3316 λόγος·
1097 3254 1159 3302 ὅπου
1177 3253 1225 3317 γὰρ
1239 3253 1269 3313 ἦν

194 3346 310 3406 πρότερον
324 3344 356 3392 τὰ
367 3349 411 3393 τοῦ
423 3345 510 3400 ὕδατος
524 3344 636 3402 ἐπίπεδα,
649 3343 719 3393 ἔσται
729 3343 800 3392 πάλιν
815 3343 845 3391 τὰ
858 3347 901 3392 τοῦ
918 3343 995 3405 ἀέρος.
1013 3341 1084 3392 Ἀλλά
1095 3343 1141 3404 μὴν
1155 3341 1270 3404 οὐδεμίαν

189 3433 229 3480 δια
235 3432 308 3495 ραρὰν
322 3433 411 3496 ἔχομεν
426 3439 528 3495 στιγμῆς
542 3433 583 3481 καί
598 3431 675 3482 τόπου
691 3438 800 3495 στιγμῆς,
814 3431 878 3480 ὥστ’
892 3434 912 3480 εί
928 3432 989 3494 μηδὲ
1002 3431 1090 3489 ταύτης
1102 3429 1184 3495 ἕτερόν
1203 3430 1270 3479 ἐστιν

192 3523 205 3569 ὁ
217 3520 300 3578 τόπος,
315 3522 372 3570 οὐδε
383 3523 431 3570 τῶν
446 3523 523 3570 ἄλλων
539 3520 644 3582 οὐδενός,
660 3519 715 3571 οὐδ’
724 3521 775 3570 ἔστι
787 3538 810 3569 τι
823 3519 884 3584 παρ’
898 3521 1000 3570 ἕκαστον
1013 3521 1106 3570 τούτων
1122 3521 1135 3568 ὁ
1146 3522 1229 3575 τόπος.
1240 3544 1271 3554 *-

190 3609 229 3658 Ol.
247 3613 284 3658 De
299 3612 406 3668 Auiola,
423 3612 442 3670 l,
459 3614 513 3672 loe,
525 3624 548 3672 a,
561 3615 588 3658 21
605 3628 610 3659 :
625 3611 645 3659 εἰ
661 3611 702 3672 μὲν
718 3610 759 3660 οὖν
772 3612 832 3659 εἰσιν
846 3611 925 3673 ἕτεραι
938 3612 962 3658 αί
978 3610 1002 3658 ἐν
1016 3611 1052 3672 τῷ
1064 3609 1160 3672 σώματι
1172 3607 1271 3669 μονάδες

191 3700 232 3747 καί
245 3700 270 3746 αἱ
283 3699 392 3761 στιγμαί,
408 3698 432 3748 ἐν
445 3703 479 3761 τῷ
492 3700 557 3763 αὐτῷ
570 3699 669 3749 ἔσονται
681 3701 705 3748 αἱ
722 3699 835 3762 μονάδες·
850 3700 944 3756 καθέξει
958 3699 1003 3763 γὰρ
1018 3699 1100 3763 χώραν
1114 3701 1223 3759 στιγμῆς.

220 3787 253 3850 (2)
268 3785 381 3850 Simplic.
398 3787 540 3850 τμῆμα,
560 3787 599 3837 ed.
613 3787 697 3845 Diels,
711 3801 734 3850 p.
749 3791 807 3845 531,
827 3786 844 3836 l.
861 3791 890 3837 24
908 3805 913 3837 :
929 3787 964 3836 ότι
976 3788 1002 3836 δὲ
1017 3788 1062 3837 οὐκ
1081 3787 1131 3835 ἔστι
1143 3785 1215 3842 τόπος
1229 3803 1270 3844 ση-

190 3877 259 3938 μείου
280 3877 337 3926 οὐδὲ
351 3876 437 3940 ἔχομεν
456 3877 574 3943 διαφορὰν
597 3883 698 3940 στιγμῆς
711 3877 753 3925 καὶ
771 3876 848 3925 τόπου
864 3883 977 3938 στιγμῆς,
995 3875 1081 3932 δείξαις
1098 3877 1127 3924 ἂν
1142 3875 1227 3930 οὕτως·
1250 3875 1271 3923 εί

189 3965 242 4021 ίσος
255 3967 268 4013 ό
283 3964 355 4021 τόπος
370 3970 405 4027 τῷ
418 3966 443 4014 έν
460 3966 536 4028 τόπῳ,
553 3967 594 4014 καὶ
606 3970 650 4015 τοῦ
662 3964 765 4028 σημείου
779 3965 853 4020 τόπος
867 3965 933 4014 ἔστιν
948 3964 977 4014 οὖ
988 3965 1059 4029 μέρος
1073 3964 1151 4012 οὐδέν·
1169 3963 1196 4010 τό
1206 3962 1231 4010 δὲ
1242 3962 1271 4011 οὗ

191 4055 262 4118 μέρος
276 4054 347 4103 οὐδὲν
361 4059 473 4117 σημεῖοντ
487 4055 529 4102 καὶ
544 4057 557 4103 ό
569 4054 642 4111 τόπος
659 4055 705 4116 ἄρα
719 4059 762 4103 τοῦ
776 4054 877 4115 σημείου
895 4057 1004 4116 σημεῖον.
1021 4053 1070 4102 Δύο
1085 4052 1110 4100 δὲ
1124 4055 1214 4112 σημεῖα
1228 4051 1270 4099 ἐὰν

189 4140 328 4205 ἐφαρμόττῃ
347 4143 456 4199 ἀλλήλοις
467 4143 491 4190 έν
509 4141 602 4204 γίνεται
617 4147 718 4206 σημεῖον
733 4143 841 4207 ἐνεργείᾳ
852 4143 894 4190 καί
911 4141 991 4190 οὐκέτι
1005 4141 1061 4203 δύο,
1075 4141 1140 4189 ὥστε
1156 4139 1201 4190 οὐκ
1213 4139 1270 4189 ἄλλο

189 4231 218 4278 τὸ
235 4236 336 4293 σημεῖον
351 4231 394 4280 καὶ
410 4231 478 4286 ἄλλος
491 4232 504 4279 ὁ
515 4236 559 4280 τοῦ
575 4230 676 4294 σημείου
690 4231 772 4288 τόπος.
