<?xml version="1.0" encoding="UTF-8"?>
<!DOCTYPE html PUBLIC "-//W3C//DTD XHTML 1.0 Transitional//EN"
    "http://www.w3.org/TR/xhtml1/DTD/xhtml1-transitional.dtd">
<html xmlns="http://www.w3.org/1999/xhtml" xml:lang="en" lang="en">
 <head>
  <title>
</title>
<meta http-equiv="Content-Type" content="text/html;charset=utf-8" />
  <meta name='ocr-system' content='tesseract 3.04.00' />
  <meta name='ocr-capabilities' content='ocr_page ocr_carea ocr_par ocr_line ocrx_word'/>
</head>
<body>
  <div class='ocr_page' id='page_1' title='image "./quidaristoteles00berggoog_0077.png"; bbox 0 0 3160 5054; ppageno 0'>
   <div class='ocr_carea' id='block_1_1' title="bbox 299 456 993 512">
    <p class='ocr_par' dir='ltr' id='par_1_1' title="bbox 299 456 993 512">
     <span class='ocr_line' id='line_1_1' title="bbox 299 456 993 512; baseline 0.003 -8"><span class='ocrx_word' id='word_1_1' title='bbox 299 459 329 504; x_wconf 87' lang='lat'><strong>66</strong></span> <span class='ocrx_word' id='word_1_2' title='bbox 684 457 762 512; x_wconf 85' lang='lat' dir='ltr'>QUID</span> <span class='ocrx_word' id='word_1_3' title='bbox 776 456 993 506; x_wconf 78' lang='lat' dir='ltr'>ARISTOTELES</span> 
     </span>
    </p>
   </div>
   <div class='ocr_carea' id='block_1_2' title="bbox 295 597 1385 3080">
    <p class='ocr_par' dir='ltr' id='par_1_2' title="bbox 297 597 1385 1715">
     <span class='ocr_line' id='line_1_2' title="bbox 299 597 1385 676; baseline 0.003 -18"><span class='ocrx_word' id='word_1_4' title='bbox 299 601 372 660; x_wconf 87' lang='lat' dir='ltr'><strong>llaec</strong></span> <span class='ocrx_word' id='word_1_5' title='bbox 393 598 674 676; x_wconf 77' lang='lat' dir='ltr'><strong>interpretabimur</strong></span> <span class='ocrx_word' id='word_1_6' title='bbox 697 597 864 671; x_wconf 77' lang='lat' dir='ltr'>facillime,</span> <span class='ocrx_word' id='word_1_7' title='bbox 890 599 917 657; x_wconf 93' lang='lat' dir='ltr'><strong>si</strong></span> <span class='ocrx_word' id='word_1_8' title='bbox 944 598 984 658; x_wconf 90' lang='lat' dir='ltr'><strong>ad</strong></span> <span class='ocrx_word' id='word_1_9' title='bbox 1006 602 1160 676; x_wconf 86' lang='lat' dir='ltr'><strong>punctum</strong></span> <span class='ocrx_word' id='word_1_10' title='bbox 1189 601 1210 658; x_wconf 94' lang='lat' dir='ltr'>Z</span> <span class='ocrx_word' id='word_1_11' title='bbox 1239 603 1385 661; x_wconf 92' lang='lat' dir='ltr'><strong>nostrum</strong></span> 
     </span>
     <span class='ocr_line' id='line_1_3' title="bbox 298 714 1384 792; baseline 0.002 -18"><span class='ocrx_word' id='word_1_12' title='bbox 298 714 544 774; x_wconf 83' lang='lat' dir='ltr'><strong>ascenderimus.</strong></span> <span class='ocrx_word' id='word_1_13' title='bbox 563 715 623 774; x_wconf 86' lang='lat' dir='ltr'><strong>Per</strong></span> <span class='ocrx_word' id='word_1_14' title='bbox 645 717 796 792; x_wconf 90' lang='lat' dir='ltr'><strong>punctum</strong></span> <span class='ocrx_word' id='word_1_15' title='bbox 819 714 906 774; x_wconf 89' lang='lat' dir='ltr'><strong>enim</strong></span> <span class='ocrx_word' id='word_1_16' title='bbox 930 714 1095 775; x_wconf 87' lang='lat' dir='ltr'><strong>immobile</strong></span> <span class='ocrx_word' id='word_1_17' title='bbox 1115 715 1138 774; x_wconf 87' lang='lat' dir='ltr'>Z</span> <span class='ocrx_word' id='word_1_18' title='bbox 1161 731 1236 775; x_wconf 89' lang='lat' dir='ltr'><strong>curu</strong></span> <span class='ocrx_word' id='word_1_19' title='bbox 1259 715 1384 776; x_wconf 88' lang='lat' dir='ltr'><strong>diversa</strong></span> 
     </span>
     <span class='ocr_line' id='line_1_4' title="bbox 298 829 1384 908; baseline 0.001 -19"><span class='ocrx_word' id='word_1_20' title='bbox 298 831 413 908; x_wconf 89' lang='lat' dir='ltr'><strong>puncta</strong></span> <span class='ocrx_word' id='word_1_21' title='bbox 425 831 465 902; x_wconf 88' lang='grc' dir='ltr'><strong>Α,</strong></span> <span class='ocrx_word' id='word_1_22' title='bbox 482 829 521 902; x_wconf 91' lang='grc' dir='ltr'><strong>Β,</strong></span> <span class='ocrx_word' id='word_1_23' title='bbox 536 829 558 890; x_wconf 86' lang='lat' dir='ltr'><strong>G</strong></span> <span class='ocrx_word' id='word_1_24' title='bbox 572 829 753 889; x_wconf 79' lang='lat' dir='ltr'><strong>circumacti</strong></span> <span class='ocrx_word' id='word_1_25' title='bbox 774 830 844 888; x_wconf 87' lang='lat' dir='ltr'><strong>caeli</strong></span> <span class='ocrx_word' id='word_1_26' title='bbox 864 829 1007 889; x_wconf 89' lang='lat' dir='ltr'><strong>vicissim</strong></span> <span class='ocrx_word' id='word_1_27' title='bbox 1023 834 1201 902; x_wconf 86' lang='lat' dir='ltr'><strong>transeant,</strong></span> <span class='ocrx_word' id='word_1_28' title='bbox 1216 847 1280 890; x_wconf 92' lang='lat' dir='ltr'><strong>non</strong></span> <span class='ocrx_word' id='word_1_29' title='bbox 1298 831 1384 890; x_wconf 92' lang='lat' dir='ltr'><strong>idem</strong></span> 
     </span>
     <span class='ocr_line' id='line_1_5' title="bbox 298 943 1380 1022; baseline 0.002 -18"><span class='ocrx_word' id='word_1_30' title='bbox 298 945 359 1005; x_wconf 90' lang='lat' dir='ltr'><strong>erit</strong></span> <span class='ocrx_word' id='word_1_31' title='bbox 372 944 446 1017; x_wconf 90' lang='lat' dir='ltr'><strong>tibi,</strong></span> <span class='ocrx_word' id='word_1_32' title='bbox 463 943 496 1004; x_wconf 96' lang='lat' dir='ltr'><strong>in</strong></span> <span class='ocrx_word' id='word_1_33' title='bbox 511 947 627 1022; x_wconf 88' lang='lat' dir='ltr'><strong>puncto</strong></span> <span class='ocrx_word' id='word_1_34' title='bbox 642 947 665 1004; x_wconf 90' lang='lat' dir='ltr'>Z</span> <span class='ocrx_word' id='word_1_35' title='bbox 682 945 792 1015; x_wconf 87' lang='lat' dir='ltr'><strong>stanti,</strong></span> <span class='ocrx_word' id='word_1_36' title='bbox 810 944 960 1006; x_wconf 86' lang='lat' dir='ltr'><strong>circuitus</strong></span> <span class='ocrx_word' id='word_1_37' title='bbox 981 945 1050 1004; x_wconf 86' lang='lat' dir='ltr'><strong>caeli</strong></span> <span class='ocrx_word' id='word_1_38' title='bbox 1065 945 1119 1022; x_wconf 89' lang='lat' dir='ltr'><strong>qui</strong></span> <span class='ocrx_word' id='word_1_39' title='bbox 1133 949 1276 1006; x_wconf 86' lang='lat' dir='ltr'><strong>sumetur</strong></span> <span class='ocrx_word' id='word_1_40' title='bbox 1288 947 1327 1006; x_wconf 89' lang='lat' dir='ltr'><strong>ab</strong></span> <span class='ocrx_word' id='word_1_41' title='bbox 1340 948 1380 1017; x_wconf 82' lang='lat' dir='ltr'><strong>l,</strong></span> 
     </span>
     <span class='ocr_line' id='line_1_6' title="bbox 297 1059 1385 1138; baseline 0 -18"><span class='ocrx_word' id='word_1_42' title='bbox 297 1061 336 1134; x_wconf 87' lang='grc' dir='ltr'><strong>Β,</strong></span> <span class='ocrx_word' id='word_1_43' title='bbox 353 1061 389 1134; x_wconf 84' lang='lat' dir='ltr'><strong>G,</strong></span> <span class='ocrx_word' id='word_1_44' title='bbox 406 1059 599 1138; x_wconf 86' lang='lat' dir='ltr'><strong>singulisque</strong></span> <span class='ocrx_word' id='word_1_45' title='bbox 614 1059 684 1120; x_wconf 89' lang='lat' dir='ltr'><strong>aliis</strong></span> <span class='ocrx_word' id='word_1_46' title='bbox 700 1059 827 1138; x_wconf 89' lang='lat' dir='ltr'><strong>punctis</strong></span> <span class='ocrx_word' id='word_1_47' title='bbox 842 1059 984 1120; x_wconf 90' lang='lat' dir='ltr'><strong>vicissim</strong></span> <span class='ocrx_word' id='word_1_48' title='bbox 996 1077 1053 1138; x_wconf 92' lang='lat' dir='ltr'><strong>per</strong></span> <span class='ocrx_word' id='word_1_49' title='bbox 1068 1060 1232 1122; x_wconf 88' lang='lat' dir='ltr'><strong>immobile</strong></span> <span class='ocrx_word' id='word_1_50' title='bbox 1247 1063 1270 1120; x_wconf 89' lang='lat' dir='ltr'>Z</span> <span class='ocrx_word' id='word_1_51' title='bbox 1286 1064 1385 1120; x_wconf 85' lang='lat' dir='ltr'><strong>trans-</strong></span> 
     </span>
     <span class='ocr_line' id='line_1_7' title="bbox 299 1174 1383 1254; baseline -0.001 -18"><span class='ocrx_word' id='word_1_52' title='bbox 299 1175 458 1236; x_wconf 87' lang='lat' dir='ltr'><strong>euntibus.</strong></span> <span class='ocrx_word' id='word_1_53' title='bbox 483 1175 655 1235; x_wconf 87' lang='lat' dir='ltr'><strong>Mutabitur</strong></span> <span class='ocrx_word' id='word_1_54' title='bbox 676 1175 773 1253; x_wconf 90' lang='lat' dir='ltr'><strong>igitur</strong></span> <span class='ocrx_word' id='word_1_55' title='bbox 793 1175 853 1235; x_wconf 92' lang='lat' dir='ltr'><strong>tibi</strong></span> <span class='ocrx_word' id='word_1_56' title='bbox 875 1175 980 1253; x_wconf 91' lang='lat' dir='ltr'><strong>imago</strong></span> <span class='ocrx_word' id='word_1_57' title='bbox 1003 1174 1088 1250; x_wconf 83' lang='lat' dir='ltr'><strong>caeli,</strong></span> <span class='ocrx_word' id='word_1_58' title='bbox 1115 1176 1259 1254; x_wconf 86' lang='lat' dir='ltr'><strong>quamvis</strong></span> <span class='ocrx_word' id='word_1_59' title='bbox 1276 1176 1383 1236; x_wconf 87' lang='lat' dir='ltr'><strong>locum</strong></span> 
     </span>
     <span class='ocr_line' id='line_1_8' title="bbox 297 1289 1383 1368; baseline -0.001 -18"><span class='ocrx_word' id='word_1_60' title='bbox 297 1307 400 1368; x_wconf 91' lang='lat' dir='ltr'><strong>neque</strong></span> <span class='ocrx_word' id='word_1_61' title='bbox 412 1289 526 1350; x_wconf 88' lang='lat' dir='ltr'><strong>habeat</strong></span> <span class='ocrx_word' id='word_1_62' title='bbox 537 1307 641 1367; x_wconf 91' lang='lat' dir='ltr'><strong>neque</strong></span> <span class='ocrx_word' id='word_1_63' title='bbox 654 1293 756 1350; x_wconf 87' lang='lat' dir='ltr'><strong>mutet</strong></span> <span class='ocrx_word' id='word_1_64' title='bbox 769 1290 883 1350; x_wconf 83' lang='lat' dir='ltr'><strong>caelum</strong></span> <span class='ocrx_word' id='word_1_65' title='bbox 896 1290 1080 1351; x_wconf 90' lang='lat' dir='ltr'><strong>universum</strong></span> <span class='ocrx_word' id='word_1_66' title='bbox 1094 1309 1100 1350; x_wconf 90' lang='lat'>:</span> <span class='ocrx_word' id='word_1_67' title='bbox 1115 1290 1171 1350; x_wconf 89' lang='lat' dir='ltr'><strong>has</strong></span> <span class='ocrx_word' id='word_1_68' title='bbox 1183 1308 1258 1352; x_wconf 87' lang='lat' dir='ltr'><strong>vero</strong></span> <span class='ocrx_word' id='word_1_69' title='bbox 1273 1307 1383 1352; x_wconf 90' lang='lat' dir='ltr'><strong>omnes</strong></span> 
     </span>
     <span class='ocr_line' id='line_1_9' title="bbox 297 1405 1382 1484; baseline 0 -18"><span class='ocrx_word' id='word_1_70' title='bbox 297 1406 467 1484; x_wconf 85' lang='lat' dir='ltr'><strong>imagines,</strong></span> <span class='ocrx_word' id='word_1_71' title='bbox 481 1421 613 1466; x_wconf 89' lang='lat' dir='ltr'><strong>numero</strong></span> <span class='ocrx_word' id='word_1_72' title='bbox 628 1405 781 1480; x_wconf 87' lang='lat' dir='ltr'><strong>infinitas,</strong></span> <span class='ocrx_word' id='word_1_73' title='bbox 796 1423 895 1466; x_wconf 94' lang='lat' dir='ltr'><strong>unum</strong></span> <span class='ocrx_word' id='word_1_74' title='bbox 909 1410 1015 1466; x_wconf 88' lang='lat' dir='ltr'><strong>lamen</strong></span> <span class='ocrx_word' id='word_1_75' title='bbox 1027 1406 1176 1483; x_wconf 90' lang='lat' dir='ltr'><strong>idemque</strong></span> <span class='ocrx_word' id='word_1_76' title='bbox 1188 1406 1299 1467; x_wconf 87' lang='lat' dir='ltr'><strong>caelum</strong></span> <span class='ocrx_word' id='word_1_77' title='bbox 1313 1423 1382 1466; x_wconf 90' lang='lat' dir='ltr'><strong>esse</strong></span> 
     </span>
     <span class='ocr_line' id='line_1_10' title="bbox 298 1501 1382 1598; baseline 0.003 -17"><span class='ocrx_word' id='word_1_78' title='bbox 298 1522 391 1594; x_wconf 91' lang='lat' dir='ltr'><strong>dicis,</strong></span> <span class='ocrx_word' id='word_1_79' title='bbox 407 1522 487 1582; x_wconf 92' lang='lat' dir='ltr'><strong>sicut</strong></span> <span class='ocrx_word' id='word_1_80' title='bbox 500 1519 610 1592; x_wconf 92' lang='lat' dir='ltr'><strong>homo,</strong></span> <span class='ocrx_word' id='word_1_81' title='bbox 630 1520 686 1598; x_wconf 93' lang='lat' dir='ltr'><strong>qui</strong></span> <span class='ocrx_word' id='word_1_82' title='bbox 704 1520 860 1581; x_wconf 91' lang='lat' dir='ltr'><strong>musicam</strong></span> <span class='ocrx_word' id='word_1_83' title='bbox 878 1520 1018 1598; x_wconf 90' lang='lat' dir='ltr'><strong>aliasque</strong></span> <span class='ocrx_word' id='word_1_84' title='bbox 1036 1525 1118 1582; x_wconf 88' lang='lat' dir='ltr'><strong>artes</strong></span> <span class='ocrx_word' id='word_1_85' title='bbox 1137 1501 1277 1596; x_wconf 76' lang='lat' dir='ltr'><strong>eriercet,</strong></span> <span class='ocrx_word' id='word_1_86' title='bbox 1292 1521 1382 1584; x_wconf 86' lang='lat' dir='ltr'><strong>ideo-</strong></span> 
     </span>
     <span class='ocr_line' id='line_1_11' title="bbox 297 1635 1100 1715; baseline -0.002 -17"><span class='ocrx_word' id='word_1_87' title='bbox 297 1654 358 1715; x_wconf 91' lang='lat' dir='ltr'><strong>que</strong></span> <span class='ocrx_word' id='word_1_88' title='bbox 373 1635 405 1695; x_wconf 94' lang='lat' dir='ltr'><strong>in</strong></span> <span class='ocrx_word' id='word_1_89' title='bbox 420 1636 536 1696; x_wconf 85' lang='lat' dir='ltr'><strong>formas</strong></span> <span class='ocrx_word' id='word_1_90' title='bbox 548 1635 652 1696; x_wconf 85' lang='lat' dir='ltr'><strong>varies</strong></span> <span class='ocrx_word' id='word_1_91' title='bbox 667 1635 794 1707; x_wconf 90' lang='lat' dir='ltr'><strong>incidit,</strong></span> <span class='ocrx_word' id='word_1_92' title='bbox 808 1635 906 1696; x_wconf 91' lang='lat' dir='ltr'><strong>homo</strong></span> <span class='ocrx_word' id='word_1_93' title='bbox 919 1642 1026 1696; x_wconf 88' lang='lat' dir='ltr'><strong>tamen</strong></span> <span class='ocrx_word' id='word_1_94' title='bbox 1040 1641 1100 1696; x_wconf 88' lang='lat' dir='ltr'><strong>est.</strong></span> 
     </span>
    </p>

    <p class='ocr_par' dir='ltr' id='par_1_3' title="bbox 295 1749 1382 3080">
     <span class='ocr_line' id='line_1_12' title="bbox 337 1749 1382 1830; baseline 0.002 -19"><span class='ocrx_word' id='word_1_95' title='bbox 337 1751 425 1811; x_wconf 91' lang='lat' dir='ltr'><strong>Haud</strong></span> <span class='ocrx_word' id='word_1_96' title='bbox 446 1749 584 1810; x_wconf 90' lang='lat' dir='ltr'><strong>absimili</strong></span> <span class='ocrx_word' id='word_1_97' title='bbox 605 1749 702 1816; x_wconf 90' lang='lat' dir='ltr'><strong>modo</strong></span> <span class='ocrx_word' id='word_1_98' title='bbox 724 1751 991 1828; x_wconf 90' lang='lat' dir='ltr'><strong>respondebimus</strong></span> <span class='ocrx_word' id='word_1_99' title='bbox 1011 1750 1175 1829; x_wconf 86' lang='lat' dir='ltr'><strong>Simplicio</strong></span> <span class='ocrx_word' id='word_1_100' title='bbox 1198 1751 1382 1830; x_wconf 88' lang='lat' dir='ltr'><strong>criticisque</strong></span> 
     </span>
     <span class='ocr_line' id='line_1_13' title="bbox 296 1865 1382 1940; baseline 0 -14"><span class='ocrx_word' id='word_1_101' title='bbox 296 1866 382 1940; x_wconf 89' lang='lat' dir='ltr'><strong>aliis,</strong></span> <span class='ocrx_word' id='word_1_102' title='bbox 412 1865 601 1926; x_wconf 90' lang='lat' dir='ltr'><strong>mirantibus</strong></span> <span class='ocrx_word' id='word_1_103' title='bbox 629 1883 685 1926; x_wconf 91' lang='lat' dir='ltr'><strong>cur</strong></span> <span class='ocrx_word' id='word_1_104' title='bbox 714 1865 899 1927; x_wconf 82' lang='lat' dir='ltr'><strong>Aristoteles</strong></span> <span class='ocrx_word' id='word_1_105' title='bbox 930 1883 1013 1926; x_wconf 94' lang='lat' dir='ltr'><strong>nunc</strong></span> <span class='ocrx_word' id='word_1_106' title='bbox 1041 1871 1165 1926; x_wconf 91' lang='lat' dir='ltr'><strong>motum</strong></span> <span class='ocrx_word' id='word_1_107' title='bbox 1194 1866 1382 1927; x_wconf 88' lang='lat' dir='ltr'><strong>circularem</strong></span> 
     </span>
     <span class='ocr_line' id='line_1_14' title="bbox 297 1981 1382 2059; baseline 0 -18"><span class='ocrx_word' id='word_1_108' title='bbox 297 1981 413 2042; x_wconf 81' lang='lat' dir='ltr'><strong>dixerit</strong></span> <span class='ocrx_word' id='word_1_109' title='bbox 423 1982 597 2041; x_wconf 89' lang='lat' dir='ltr'><strong>secundum</strong></span> <span class='ocrx_word' id='word_1_110' title='bbox 608 1981 713 2041; x_wconf 92' lang='lat' dir='ltr'><strong>locum</strong></span> <span class='ocrx_word' id='word_1_111' title='bbox 724 1981 791 2042; x_wconf 86' lang='lat' dir='ltr'><strong>lieri</strong></span> <span class='ocrx_word' id='word_1_112' title='bbox 802 2027 808 2052; x_wconf 91' lang='lat'><strong>‚</strong></span> <span class='ocrx_word' id='word_1_113' title='bbox 821 1999 904 2042; x_wconf 93' lang='lat' dir='ltr'><strong>nunc</strong></span> <span class='ocrx_word' id='word_1_114' title='bbox 913 1981 1075 2059; x_wconf 80' lang='lat' dir='ltr'><strong>negaverit</strong></span> <span class='ocrx_word' id='word_1_115' title='bbox 1087 1981 1203 2042; x_wconf 85' lang='lat' dir='ltr'><strong>caelum</strong></span> <span class='ocrx_word' id='word_1_116' title='bbox 1215 1981 1336 2042; x_wconf 90' lang='lat' dir='ltr'><strong>moveri</strong></span> <span class='ocrx_word' id='word_1_117' title='bbox 1348 1982 1382 2041; x_wconf 90' lang='lat' dir='ltr'><strong>in</strong></span> 
     </span>
     <span class='ocr_line' id='line_1_15' title="bbox 295 2094 1382 2188; baseline -0.003 -29"><span class='ocrx_word' id='word_1_118' title='bbox 295 2095 391 2159; x_wconf 71' lang='lat' dir='ltr'><strong>tocol.</strong></span> <span class='ocrx_word' id='word_1_119' title='bbox 408 2094 498 2156; x_wconf 90' lang='lat' dir='ltr'><strong>Globi</strong></span> <span class='ocrx_word' id='word_1_120' title='bbox 516 2095 601 2156; x_wconf 91' lang='lat' dir='ltr'><strong>enim</strong></span> <span class='ocrx_word' id='word_1_121' title='bbox 623 2097 805 2157; x_wconf 91' lang='lat' dir='ltr'><strong>circumacti</strong></span> <span class='ocrx_word' id='word_1_122' title='bbox 827 2096 999 2188; x_wconf 87' lang='lat' dir='ltr'><strong>cujuslibet</strong></span> <span class='ocrx_word' id='word_1_123' title='bbox 1016 2099 1122 2174; x_wconf 90' lang='lat' dir='ltr'><strong>partes</strong></span> <span class='ocrx_word' id='word_1_124' title='bbox 1142 2097 1317 2157; x_wconf 90' lang='lat' dir='ltr'><strong>secundum</strong></span> <span class='ocrx_word' id='word_1_125' title='bbox 1337 2097 1382 2156; x_wconf 94' lang='lat' dir='ltr'><strong>lo-</strong></span> 
     </span>
     <span class='ocr_line' id='line_1_16' title="bbox 296 2210 1382 2290; baseline -0.002 -16"><span class='ocrx_word' id='word_1_126' title='bbox 296 2230 368 2274; x_wconf 89' lang='lat' dir='ltr'><strong>cum</strong></span> <span class='ocrx_word' id='word_1_127' title='bbox 381 2215 548 2272; x_wconf 92' lang='lat' dir='ltr'><strong>moventur</strong></span> <span class='ocrx_word' id='word_1_128' title='bbox 565 2210 698 2290; x_wconf 88' lang='lat' dir='ltr'><strong>:globus</strong></span> <span class='ocrx_word' id='word_1_129' title='bbox 718 2217 826 2272; x_wconf 89' lang='lat' dir='ltr'><strong>autem</strong></span> <span class='ocrx_word' id='word_1_130' title='bbox 841 2213 1021 2286; x_wconf 90' lang='lat' dir='ltr'><strong>universus,</strong></span> <span class='ocrx_word' id='word_1_131' title='bbox 1047 2229 1121 2272; x_wconf 90' lang='lat' dir='ltr'><strong>cum</strong></span> <span class='ocrx_word' id='word_1_132' title='bbox 1148 2212 1231 2272; x_wconf 92' lang='lat' dir='ltr'><strong>inter</strong></span> <span class='ocrx_word' id='word_1_133' title='bbox 1252 2213 1382 2272; x_wconf 89' lang='lat' dir='ltr'><strong>eosdem</strong></span> 
     </span>
     <span class='ocr_line' id='line_1_17' title="bbox 296 2326 1378 2407; baseline -0.001 -20"><span class='ocrx_word' id='word_1_134' title='bbox 296 2344 422 2407; x_wconf 82' lang='lat' dir='ltr'><strong>semper</strong></span> <span class='ocrx_word' id='word_1_135' title='bbox 431 2327 584 2387; x_wconf 89' lang='lat' dir='ltr'><strong>terminos</strong></span> <span class='ocrx_word' id='word_1_136' title='bbox 594 2326 802 2406; x_wconf 85' lang='lat' dir='ltr'><strong>contineatur,</strong></span> <span class='ocrx_word' id='word_1_137' title='bbox 817 2327 960 2405; x_wconf 91' lang='lat' dir='ltr'><strong>quamvis</strong></span> <span class='ocrx_word' id='word_1_138' title='bbox 971 2327 1147 2387; x_wconf 91' lang='lat' dir='ltr'><strong>immobilis</strong></span> <span class='ocrx_word' id='word_1_139' title='bbox 1156 2326 1218 2386; x_wconf 91' lang='lat' dir='ltr'><strong>dici</strong></span> <span class='ocrx_word' id='word_1_140' title='bbox 1232 2330 1378 2404; x_wconf 88' lang='lat' dir='ltr'><strong>nequeat,</strong></span> 
     </span>
     <span class='ocr_line' id='line_1_18' title="bbox 295 2441 1381 2520; baseline -0.001 -17"><span class='ocrx_word' id='word_1_141' title='bbox 295 2447 403 2503; x_wconf 88' lang='lat' dir='ltr'><strong>lamen</strong></span> <span class='ocrx_word' id='word_1_142' title='bbox 428 2459 531 2519; x_wconf 87' lang='lat' dir='ltr'><strong>neque</strong></span> <span class='ocrx_word' id='word_1_143' title='bbox 559 2442 666 2502; x_wconf 91' lang='lat' dir='ltr'><strong>locum</strong></span> <span class='ocrx_word' id='word_1_144' title='bbox 696 2445 798 2502; x_wconf 87' lang='lat' dir='ltr'><strong>mutat</strong></span> <span class='ocrx_word' id='word_1_145' title='bbox 826 2459 930 2520; x_wconf 89' lang='lat' dir='ltr'><strong>neque</strong></span> <span class='ocrx_word' id='word_1_146' title='bbox 959 2459 1033 2520; x_wconf 87' lang='lat' dir='ltr'><strong>ergo</strong></span> <span class='ocrx_word' id='word_1_147' title='bbox 1067 2441 1243 2503; x_wconf 88' lang='lat' dir='ltr'><strong>secundum</strong></span> <span class='ocrx_word' id='word_1_148' title='bbox 1273 2441 1381 2502; x_wconf 92' lang='lat' dir='ltr'><strong>locum</strong></span> 
     </span>
     <span class='ocr_line' id='line_1_19' title="bbox 295 2557 1381 2636; baseline -0.002 -18"><span class='ocrx_word' id='word_1_149' title='bbox 295 2563 447 2619; x_wconf 88' lang='lat' dir='ltr'><strong>movetur.</strong></span> <span class='ocrx_word' id='word_1_150' title='bbox 473 2558 561 2630; x_wconf 86' lang='lat' dir='ltr'><strong>Quod</strong></span> <span class='ocrx_word' id='word_1_151' title='bbox 590 2575 663 2618; x_wconf 88' lang='lat' dir='ltr'><strong>vero</strong></span> <span class='ocrx_word' id='word_1_152' title='bbox 689 2559 727 2618; x_wconf 90' lang='lat' dir='ltr'><strong>de</strong></span> <span class='ocrx_word' id='word_1_153' title='bbox 751 2559 844 2636; x_wconf 81' lang='lat' dir='ltr'><strong>globo</strong></span> <span class='ocrx_word' id='word_1_154' title='bbox 873 2557 1016 2636; x_wconf 89' lang='lat' dir='ltr'><strong>quolibet</strong></span> <span class='ocrx_word' id='word_1_155' title='bbox 1044 2557 1196 2630; x_wconf 89' lang='lat' dir='ltr'><strong>dicimus,</strong></span> <span class='ocrx_word' id='word_1_156' title='bbox 1223 2557 1256 2618; x_wconf 91' lang='lat' dir='ltr'><strong>id</strong></span> <span class='ocrx_word' id='word_1_157' title='bbox 1280 2557 1381 2618; x_wconf 90' lang='lat' dir='ltr'><strong>multo</strong></span> 
     </span>
     <span class='ocr_line' id='line_1_20' title="bbox 295 2673 1381 2752; baseline -0.002 -18"><span class='ocrx_word' id='word_1_158' title='bbox 295 2675 394 2752; x_wconf 88' lang='lat' dir='ltr'><strong>magis</strong></span> <span class='ocrx_word' id='word_1_159' title='bbox 416 2673 493 2734; x_wconf 86' lang='lat' dir='ltr'><strong>caelo</strong></span> <span class='ocrx_word' id='word_1_160' title='bbox 509 2674 668 2748; x_wconf 86' lang='lat' dir='ltr'><strong>convenit,</strong></span> <span class='ocrx_word' id='word_1_161' title='bbox 688 2673 776 2752; x_wconf 86' lang='lat' dir='ltr'><strong>cujus</strong></span> <span class='ocrx_word' id='word_1_162' title='bbox 794 2677 899 2750; x_wconf 90' lang='lat' dir='ltr'><strong>partes</strong></span> <span class='ocrx_word' id='word_1_163' title='bbox 917 2673 1064 2752; x_wconf 87' lang='lat' dir='ltr'><strong>singulae,</strong></span> <span class='ocrx_word' id='word_1_164' title='bbox 1082 2678 1117 2734; x_wconf 89' lang='lat' dir='ltr'><strong>ut</strong></span> <span class='ocrx_word' id='word_1_165' title='bbox 1134 2673 1177 2732; x_wconf 92' lang='lat' dir='ltr'><strong>ait</strong></span> <span class='ocrx_word' id='word_1_166' title='bbox 1196 2673 1381 2733; x_wconf 86' lang='lat' dir='ltr'><strong>Aristoteles</strong></span> 
     </span>
     <span class='ocr_line' id='line_1_21' title="bbox 295 2786 1381 2868; baseline -0.002 -20"><span class='ocrx_word' id='word_1_167' title='bbox 295 2790 379 2868; x_wconf 91' lang='lat' dir='ltr'><strong>ipse,</strong></span> <span class='ocrx_word' id='word_1_168' title='bbox 396 2790 502 2850; x_wconf 90' lang='lat' dir='ltr'><strong>locum</strong></span> <span class='ocrx_word' id='word_1_169' title='bbox 523 2789 668 2850; x_wconf 89' lang='lat' dir='ltr'><strong>obtinent</strong></span> <span class='ocrx_word' id='word_1_170' title='bbox 690 2792 721 2848; x_wconf 92' lang='lat' dir='ltr'><strong>et</strong></span> <span class='ocrx_word' id='word_1_171' title='bbox 739 2791 877 2862; x_wconf 88' lang='lat' dir='ltr'><strong>mutant,</strong></span> <span class='ocrx_word' id='word_1_172' title='bbox 900 2789 1083 2866; x_wconf 88' lang='lat' dir='ltr'><strong>superficies</strong></span> <span class='ocrx_word' id='word_1_173' title='bbox 1107 2791 1214 2848; x_wconf 87' lang='lat' dir='ltr'><strong>autem</strong></span> <span class='ocrx_word' id='word_1_174' title='bbox 1235 2786 1381 2848; x_wconf 88' lang='lat' dir='ltr'><strong>universa</strong></span> 
     </span>
     <span class='ocr_line' id='line_1_22' title="bbox 295 2901 1381 2982; baseline -0.003 -18"><span class='ocrx_word' id='word_1_175' title='bbox 295 2907 425 2982; x_wconf 89' lang='lat' dir='ltr'><strong>propter</strong></span> <span class='ocrx_word' id='word_1_176' title='bbox 436 2904 553 2964; x_wconf 89' lang='lat' dir='ltr'><strong>hocvel</strong></span> <span class='ocrx_word' id='word_1_177' title='bbox 564 2903 700 2964; x_wconf 87' lang='lat' dir='ltr'><strong>maxime</strong></span> <span class='ocrx_word' id='word_1_178' title='bbox 712 2905 817 2964; x_wconf 93' lang='lat' dir='ltr'><strong>locum</strong></span> <span class='ocrx_word' id='word_1_179' title='bbox 829 2906 952 2965; x_wconf 87' lang='lat' dir='ltr'><strong>mutare</strong></span> <span class='ocrx_word' id='word_1_180' title='bbox 965 2903 1086 2980; x_wconf 89' lang='lat' dir='ltr'><strong>nequit,</strong></span> <span class='ocrx_word' id='word_1_181' title='bbox 1102 2903 1187 2980; x_wconf 92' lang='lat' dir='ltr'><strong>quod</strong></span> <span class='ocrx_word' id='word_1_182' title='bbox 1198 2901 1305 2964; x_wconf 87' lang='lat' dir='ltr'><strong>locum</strong></span> <span class='ocrx_word' id='word_1_183' title='bbox 1317 2919 1381 2963; x_wconf 93' lang='lat' dir='ltr'><strong>non</strong></span> 
     </span>
     <span class='ocr_line' id='line_1_23' title="bbox 295 3019 400 3080; baseline -0.01 -1"><span class='ocrx_word' id='word_1_184' title='bbox 295 3019 400 3080; x_wconf 84' lang='lat' dir='ltr'><strong>habet.</strong></span> 
     </span>
    </p>
   </div>
   <div class='ocr_carea' id='block_1_3' title="bbox 295 3247 1381 3442">
    <p class='ocr_par' dir='ltr' id='par_1_4' title="bbox 295 3247 1381 3442">
     <span class='ocr_line' id='line_1_24' title="bbox 336 3247 1381 3324; baseline -0.004 -14"><span class='ocrx_word' id='word_1_185' title='bbox 336 3252 424 3310; x_wconf 89' lang='lat' dir='ltr'><strong>Nunc</strong></span> <span class='ocrx_word' id='word_1_186' title='bbox 440 3267 458 3309; x_wconf 88' lang='lat' dir='ltr'><strong>a</strong></span> <span class='ocrx_word' id='word_1_187' title='bbox 477 3249 553 3310; x_wconf 84' lang='lat' dir='ltr'><strong>caelo</strong></span> <span class='ocrx_word' id='word_1_188' title='bbox 572 3251 611 3310; x_wconf 87' lang='lat' dir='ltr'><strong>ad</strong></span> <span class='ocrx_word' id='word_1_189' title='bbox 629 3250 786 3308; x_wconf 87' lang='lat' dir='ltr'><strong>elementa</strong></span> <span class='ocrx_word' id='word_1_190' title='bbox 808 3248 958 3308; x_wconf 86' lang='lat' dir='ltr'><strong>inferiora</strong></span> <span class='ocrx_word' id='word_1_191' title='bbox 976 3247 1223 3320; x_wconf 77' lang='lat' dir='ltr'><strong>descendamuS,</strong></span> <span class='ocrx_word' id='word_1_192' title='bbox 1242 3265 1259 3306; x_wconf 87' lang='lat' dir='ltr'><strong>a</strong></span> <span class='ocrx_word' id='word_1_193' title='bbox 1278 3247 1381 3324; x_wconf 91' lang='lat' dir='ltr'><strong>prima</strong></span> 
     </span>
     <span class='ocr_line' id='line_1_25' title="bbox 295 3362 1378 3442; baseline -0.006 -16"><span class='ocrx_word' id='word_1_194' title='bbox 295 3369 402 3426; x_wconf 89' lang='lat' dir='ltr'><strong>autem</strong></span> <span class='ocrx_word' id='word_1_195' title='bbox 419 3382 489 3442; x_wconf 88' lang='lat' dir='ltr'><strong>quae</strong></span> <span class='ocrx_word' id='word_1_196' title='bbox 505 3365 693 3426; x_wconf 81' lang='lat' dir='ltr'><strong>afferebatur</strong></span> <span class='ocrx_word' id='word_1_197' title='bbox 708 3365 883 3442; x_wconf 77' lang='lat' dir='ltr'><strong>quaestione</strong></span> <span class='ocrx_word' id='word_1_198' title='bbox 901 3363 941 3423; x_wconf 90' lang='lat' dir='ltr'><strong>ad</strong></span> <span class='ocrx_word' id='word_1_199' title='bbox 957 3363 1100 3422; x_wconf 85' lang='lat' dir='ltr'><strong>alteram.</strong></span> <span class='ocrx_word' id='word_1_200' title='bbox 1122 3362 1208 3422; x_wconf 85' lang='lat' dir='ltr'><strong>Scire</strong></span> <span class='ocrx_word' id='word_1_201' title='bbox 1227 3362 1378 3433; x_wconf 87' lang='lat' dir='ltr'><strong>velimus,</strong></span> 
     </span>
    </p>
   </div>
   <div class='ocr_carea' id='block_1_4' title="bbox 295 3545 1380 4243">
    <p class='ocr_par' dir='ltr' id='par_1_5' title="bbox 295 3545 1380 3886">
     <span class='ocr_line' id='line_1_26' title="bbox 296 3545 1380 3624; baseline -0.005 -16"><span class='ocrx_word' id='word_1_202' title='bbox 296 3561 380 3608; x_wconf 83' lang='grc' dir='ltr'>οὐθένα</span> <span class='ocrx_word' id='word_1_203' title='bbox 393 3561 488 3624; x_wconf 79' lang='grc' dir='ltr'>χρόνον,</span> <span class='ocrx_word' id='word_1_204' title='bbox 503 3561 556 3609; x_wconf 78' lang='grc' dir='ltr'><strong>εἶτα</strong></span> <span class='ocrx_word' id='word_1_205' title='bbox 569 3560 610 3608; x_wconf 84' lang='grc' dir='ltr'><strong>καὶ</strong></span> <span class='ocrx_word' id='word_1_206' title='bbox 629 3559 657 3607; x_wconf 86' lang='grc' dir='ltr'><strong>τὸ</strong></span> <span class='ocrx_word' id='word_1_207' title='bbox 672 3560 726 3608; x_wconf 80' lang='grc' dir='ltr'>ὅλον</span> <span class='ocrx_word' id='word_1_208' title='bbox 745 3558 888 3620; x_wconf 75' lang='grc' dir='ltr'>μεταὸάλλει</span> <span class='ocrx_word' id='word_1_209' title='bbox 904 3559 941 3606; x_wconf 86' lang='grc' dir='ltr'><strong>ἀεὶ</strong></span> <span class='ocrx_word' id='word_1_210' title='bbox 956 3559 988 3614; x_wconf 80' lang='grc' dir='ltr'><strong>εἰς</strong></span> <span class='ocrx_word' id='word_1_211' title='bbox 1003 3557 1091 3617; x_wconf 80' lang='grc' dir='ltr'>ἕτερον·</span> <span class='ocrx_word' id='word_1_212' title='bbox 1106 3557 1134 3606; x_wconf 84' lang='grc' dir='ltr'><strong>οὐ</strong></span> <span class='ocrx_word' id='word_1_213' title='bbox 1151 3557 1195 3620; x_wconf 81' lang='grc' dir='ltr'><strong>γὰρ</strong></span> <span class='ocrx_word' id='word_1_214' title='bbox 1211 3559 1227 3615; x_wconf 82' lang='grc' dir='ltr'>ἡ</span> <span class='ocrx_word' id='word_1_215' title='bbox 1242 3557 1301 3615; x_wconf 66' lang='grc' dir='ltr'>αὐτή</span> <span class='ocrx_word' id='word_1_216' title='bbox 1317 3545 1380 3604; x_wconf 73' lang='grc' dir='ltr'><strong>ἐστίν</strong></span> 
     </span>
     <span class='ocr_line' id='line_1_27' title="bbox 295 3648 1380 3721; baseline -0.004 -23"><span class='ocrx_word' id='word_1_217' title='bbox 295 3649 371 3708; x_wconf 72' lang='grc' dir='ltr'><strong>ἡάπὸ</strong></span> <span class='ocrx_word' id='word_1_218' title='bbox 383 3653 455 3721; x_wconf 67' lang='lat' dir='ltr'><strong>tobit</strong></span> <span class='ocrx_word' id='word_1_219' title='bbox 469 3648 639 3712; x_wconf 78' lang='grc' dir='ltr'>λαμὸανομὲνη</span> <span class='ocrx_word' id='word_1_220' title='bbox 653 3651 791 3714; x_wconf 71' lang='grc' dir='ltr'>περιφέρεια</span> <span class='ocrx_word' id='word_1_221' title='bbox 805 3650 845 3698; x_wconf 84' lang='grc' dir='ltr'><strong>καὶ</strong></span> <span class='ocrx_word' id='word_1_222' title='bbox 858 3652 873 3708; x_wconf 87' lang='grc' dir='ltr'>ἠ</span> <span class='ocrx_word' id='word_1_223' title='bbox 888 3648 937 3697; x_wconf 84' lang='grc' dir='ltr'><strong>ἀπὸ</strong></span> <span class='ocrx_word' id='word_1_224' title='bbox 948 3652 990 3696; x_wconf 82' lang='grc' dir='ltr'><strong>τοῦ</strong></span> <span class='ocrx_word' id='word_1_225' title='bbox 1002 3651 1022 3698; x_wconf 90' lang='grc' dir='ltr'>Β</span> <span class='ocrx_word' id='word_1_226' title='bbox 1037 3649 1134 3698; x_wconf 78' lang='grc' dir='ltr'>καὶτοῦ</span> <span class='ocrx_word' id='word_1_227' title='bbox 1150 3650 1168 3696; x_wconf 96' lang='grc' dir='ltr'><strong>Γ</strong></span> <span class='ocrx_word' id='word_1_228' title='bbox 1182 3649 1224 3695; x_wconf 87' lang='grc' dir='ltr'><strong>καὶ</strong></span> <span class='ocrx_word' id='word_1_229' title='bbox 1238 3653 1287 3694; x_wconf 87' lang='grc' dir='ltr'><strong>τῶν</strong></span> <span class='ocrx_word' id='word_1_230' title='bbox 1303 3648 1380 3696; x_wconf 77' lang='grc' dir='ltr'>ἄλλων</span> 
     </span>
     <span class='ocr_line' id='line_1_28' title="bbox 296 3735 1379 3800; baseline -0.002 -13"><span class='ocrx_word' id='word_1_231' title='bbox 296 3737 403 3788; x_wconf 76' lang='grc' dir='ltr'>ἑκάστου</span> <span class='ocrx_word' id='word_1_232' title='bbox 425 3737 544 3798; x_wconf 81' lang='grc' dir='ltr'><strong>σημείων,</strong></span> <span class='ocrx_word' id='word_1_233' title='bbox 560 3739 621 3796; x_wconf 76' lang='grc' dir='ltr'>πλὴν</span> <span class='ocrx_word' id='word_1_234' title='bbox 644 3741 676 3794; x_wconf 85' lang='grc' dir='ltr'><strong>ὡς</strong></span> <span class='ocrx_word' id='word_1_235' title='bbox 696 3741 709 3788; x_wconf 88' lang='grc' dir='ltr'>ὁ</span> <span class='ocrx_word' id='word_1_236' title='bbox 732 3737 849 3800; x_wconf 78' lang='grc' dir='ltr'>μουσικὸς</span> <span class='ocrx_word' id='word_1_237' title='bbox 869 3738 990 3800; x_wconf 81' lang='grc' dir='ltr'>ἅνθρωπος</span> <span class='ocrx_word' id='word_1_238' title='bbox 1010 3738 1050 3784; x_wconf 89' lang='grc' dir='ltr'><strong>καὶ</strong></span> <span class='ocrx_word' id='word_1_239' title='bbox 1072 3737 1211 3800; x_wconf 75' lang='grc' dir='ltr'>ἄνθρωπος,</span> <span class='ocrx_word' id='word_1_240' title='bbox 1234 3736 1271 3784; x_wconf 86' lang='grc' dir='ltr'>’ότι</span> <span class='ocrx_word' id='word_1_241' title='bbox 1292 3735 1379 3798; x_wconf 73' lang='grc' dir='ltr'>συμὸέ-</span> 
     </span>
     <span class='ocr_line' id='line_1_29' title="bbox 296 3827 377 3886; baseline -0.025 -10"><span class='ocrx_word' id='word_1_242' title='bbox 296 3827 377 3886; x_wconf 80' lang='grc' dir='ltr'>ὅηκεκ.</span> 
     </span>
    </p>

    <p class='ocr_par' dir='ltr' id='par_1_6' title="bbox 295 3911 1380 4243">
     <span class='ocr_line' id='line_1_30' title="bbox 327 3911 1379 3978; baseline -0.004 -15"><span class='ocrx_word' id='word_1_243' title='bbox 327 3915 360 3978; x_wconf 83' lang='lat'><strong>(1)</strong></span> <span class='ocrx_word' id='word_1_244' title='bbox 374 3913 532 3978; x_wconf 85' lang='lat' dir='ltr'><strong>Simplicius,</strong></span> <span class='ocrx_word' id='word_1_245' title='bbox 546 3913 586 3963; x_wconf 84' lang='lat' dir='ltr'><strong>ed.</strong></span> <span class='ocrx_word' id='word_1_246' title='bbox 604 3912 687 3977; x_wconf 84' lang='lat' dir='ltr'><strong>Diels,</strong></span> <span class='ocrx_word' id='word_1_247' title='bbox 707 3927 732 3977; x_wconf 87' lang='lat' dir='ltr'><strong>p.</strong></span> <span class='ocrx_word' id='word_1_248' title='bbox 754 3920 813 3972; x_wconf 82' lang='lat'><strong>602,</strong></span> <span class='ocrx_word' id='word_1_249' title='bbox 828 3914 845 3964; x_wconf 91' lang='lat' dir='ltr'><strong>l.</strong></span> <span class='ocrx_word' id='word_1_250' title='bbox 860 3919 890 3963; x_wconf 83' lang='lat'><strong>23</strong></span> <span class='ocrx_word' id='word_1_251' title='bbox 907 3932 911 3963; x_wconf 95' lang='lat'><strong>:</strong></span> <span class='ocrx_word' id='word_1_252' title='bbox 928 3915 993 3963; x_wconf 82' lang='grc' dir='ltr'>ὥστε</span> <span class='ocrx_word' id='word_1_253' title='bbox 1005 3915 1033 3963; x_wconf 84' lang='grc' dir='ltr'><strong>ἐκ</strong></span> <span class='ocrx_word' id='word_1_254' title='bbox 1049 3915 1143 3964; x_wconf 81' lang='grc' dir='ltr'>τούτων</span> <span class='ocrx_word' id='word_1_255' title='bbox 1157 3915 1198 3963; x_wconf 85' lang='grc' dir='ltr'><strong>καὶ</strong></span> <span class='ocrx_word' id='word_1_256' title='bbox 1216 3914 1295 3963; x_wconf 83' lang='grc' dir='ltr'>ἐκεῖνο</span> <span class='ocrx_word' id='word_1_257' title='bbox 1309 3911 1379 3972; x_wconf 77' lang='grc' dir='ltr'>δῆλον</span> 
     </span>
     <span class='ocr_line' id='line_1_31' title="bbox 295 4000 1380 4067; baseline -0.005 -14"><span class='ocrx_word' id='word_1_258' title='bbox 295 4006 378 4067; x_wconf 76' lang='grc' dir='ltr'>σαφῶς</span> <span class='ocrx_word' id='word_1_259' title='bbox 392 4003 491 4065; x_wconf 77' lang='grc' dir='ltr'><strong>γίνεται,</strong></span> <span class='ocrx_word' id='word_1_260' title='bbox 508 4003 545 4052; x_wconf 81' lang='grc' dir='ltr'><strong>ὅτι</strong></span> <span class='ocrx_word' id='word_1_261' title='bbox 558 4005 599 4052; x_wconf 90' lang='grc' dir='ltr'><strong>καὶ</strong></span> <span class='ocrx_word' id='word_1_262' title='bbox 614 4003 669 4052; x_wconf 88' lang='grc' dir='ltr'>κατ’</span> <span class='ocrx_word' id='word_1_263' title='bbox 685 4003 758 4052; x_wconf 76' lang='grc' dir='ltr'>αὐτὸν</span> <span class='ocrx_word' id='word_1_264' title='bbox 770 4006 785 4065; x_wconf 81' lang='grc' dir='ltr'>ἡ</span> <span class='ocrx_word' id='word_1_265' title='bbox 798 4003 880 4067; x_wconf 81' lang='grc' dir='ltr'>κύκλῳ</span> <span class='ocrx_word' id='word_1_266' title='bbox 892 4003 985 4062; x_wconf 80' lang='grc' dir='ltr'>κίνησις</span> <span class='ocrx_word' id='word_1_267' title='bbox 998 4004 1060 4052; x_wconf 84' lang='grc' dir='ltr'>κατὰ</span> <span class='ocrx_word' id='word_1_268' title='bbox 1071 4006 1147 4053; x_wconf 81' lang='grc' dir='ltr'>τόπον</span> <span class='ocrx_word' id='word_1_269' title='bbox 1159 4001 1250 4062; x_wconf 76' lang='grc' dir='ltr'>κίνησίς</span> <span class='ocrx_word' id='word_1_270' title='bbox 1265 4002 1327 4050; x_wconf 84' lang='grc' dir='ltr'>ἐστι.</span> <span class='ocrx_word' id='word_1_271' title='bbox 1343 4000 1380 4050; x_wconf 82' lang='grc' dir='ltr'><strong>Τὰ</strong></span> 
     </span>
     <span class='ocr_line' id='line_1_32' title="bbox 296 4086 1379 4156; baseline -0.004 -14"><span class='ocrx_word' id='word_1_272' title='bbox 296 4093 322 4142; x_wconf 84' lang='grc' dir='ltr'><strong>δὲ</strong></span> <span class='ocrx_word' id='word_1_273' title='bbox 335 4093 397 4142; x_wconf 72' lang='grc' dir='ltr'>κατὰ</span> <span class='ocrx_word' id='word_1_274' title='bbox 409 4092 484 4140; x_wconf 81' lang='grc' dir='ltr'>τόπον</span> <span class='ocrx_word' id='word_1_275' title='bbox 498 4091 627 4152; x_wconf 77' lang='grc' dir='ltr'>κινούμενα</span> <span class='ocrx_word' id='word_1_276' title='bbox 639 4093 680 4140; x_wconf 85' lang='grc' dir='ltr'><strong>καὶ</strong></span> <span class='ocrx_word' id='word_1_277' title='bbox 695 4092 718 4140; x_wconf 85' lang='grc' dir='ltr'><strong>ἐν</strong></span> <span class='ocrx_word' id='word_1_278' title='bbox 736 4093 803 4156; x_wconf 83' lang='grc' dir='ltr'>τόπῳ</span> <span class='ocrx_word' id='word_1_279' title='bbox 821 4093 893 4141; x_wconf 82' lang='grc' dir='ltr'>ἐστίν·</span> <span class='ocrx_word' id='word_1_280' title='bbox 910 4095 975 4142; x_wconf 83' lang='grc' dir='ltr'>ὥστε</span> <span class='ocrx_word' id='word_1_281' title='bbox 990 4093 1018 4142; x_wconf 85' lang='grc' dir='ltr'><strong>ἐκ</strong></span> <span class='ocrx_word' id='word_1_282' title='bbox 1031 4086 1125 4142; x_wconf 70' lang='grc' dir='ltr'>τούτων</span> <span class='ocrx_word' id='word_1_283' title='bbox 1138 4093 1179 4141; x_wconf 84' lang='grc' dir='ltr'><strong>καὶ</strong></span> <span class='ocrx_word' id='word_1_284' title='bbox 1193 4094 1205 4141; x_wconf 88' lang='grc' dir='ltr'>ὁ</span> <span class='ocrx_word' id='word_1_285' title='bbox 1219 4095 1266 4146; x_wconf 80' lang='grc' dir='ltr'><strong>πᾶς</strong></span> <span class='ocrx_word' id='word_1_286' title='bbox 1281 4089 1379 4155; x_wconf 80' lang='grc' dir='ltr'><strong>οὐρανὸς</strong></span> 
     </span>
     <span class='ocr_line' id='line_1_33' title="bbox 296 4179 677 4243; baseline -0.008 -13"><span class='ocrx_word' id='word_1_287' title='bbox 296 4183 338 4230; x_wconf 84' lang='grc' dir='ltr'><strong>καὶ</strong></span> <span class='ocrx_word' id='word_1_288' title='bbox 350 4183 365 4243; x_wconf 83' lang='grc' dir='ltr'><strong>ἡ</strong></span> <span class='ocrx_word' id='word_1_289' title='bbox 378 4181 484 4239; x_wconf 77' lang='grc' dir='ltr'>ἀπλανὴς</span> <span class='ocrx_word' id='word_1_290' title='bbox 497 4183 521 4230; x_wconf 85' lang='grc' dir='ltr'><strong>ὲν</strong></span> <span class='ocrx_word' id='word_1_291' title='bbox 533 4183 602 4243; x_wconf 87' lang='grc' dir='ltr'>τόπῳ</span> <span class='ocrx_word' id='word_1_292' title='bbox 616 4179 677 4230; x_wconf 83' lang='grc' dir='ltr'>ἐστί,</span> 
     </span>
    </p>
   </div>
   <div class='ocr_carea' id='block_1_5' title="bbox 0 0 1584 5054">
    <p class='ocr_par' dir='ltr' id='par_1_7' title="bbox 0 0 1584 5054">
     <span class='ocr_line' id='line_1_34' title="bbox 0 0 1584 5054; baseline 0 1"><span class='ocrx_word' id='word_1_293' title='bbox 0 0 1584 5054; x_wconf 95' lang='lat' dir='ltr'><strong> </strong></span> 
     </span>
    </p>
   </div>
  </div>
 </body>
</html>
