3160 5054
599 503 640 552 DE
656 503 743 554 LOCO
760 494 921 554 SENSERIT.

742 1049 781 1112 V..

222 1279 335 1356 Quibus
355 1279 392 1340 de
410 1282 507 1340 causis
526 1278 699 1340 Aristoteles
715 1296 766 1340 aec
783 1279 880 1340 locum
899 1281 1118 1360 existimaverit
1135 1298 1196 1359 erse
1207 1283 1300 1341 iuter·

258 1387 375 1458 vallum
388 1391 488 1460 inane,
501 1405 555 1448 aec
565 1390 696 1466 spatium
708 1403 836 1448 vacuam
845 1386 909 1454 ello
920 1387 1008 1448 modo
1016 1405 1101 1467 posse
1110 1387 1257 1466 intelleqr.

259 1622 347 1681 Nunc
364 1636 454 1692 vero,
476 1619 598 1690 sublato
617 1635 749 1697 corpore
769 1619 905 1691 incluso,
928 1619 1014 1697 quod
1036 1619 1116 1680 nihil
1136 1619 1175 1695 ad
1195 1621 1300 1682 locum
1342 1689 1346 1693 ,

219 1735 344 1797 videtur
360 1735 532 1814 pertinere,
555 1735 727 1796 verisimile
743 1739 805 1808 est,
824 1735 850 1795 si
866 1735 942 1814 quid
957 1735 1047 1796 vacui
1065 1735 1222 1806 intervalli
1238 1753 1301 1796 ma-

219 1856 306 1925 neat,
324 1851 356 1911 id
372 1851 502 1915 demum
518 1868 587 1911 esse
602 1852 718 1911 locum.

258 1970 302 2028 De
315 1984 409 2028 vacuo
429 1967 572 2048 quamvis
593 1967 779 2027 Aristoteles
796 1984 860 2027 non
883 1966 1069 2028 disseruerit
1082 1967 1143 2027 nisi
1159 1971 1230 2046 post
1245 1968 1301 2028 ab·

219 2083 354 2144 solutam
383 2082 445 2143 loci
474 2082 738 2161 descriptionem,
769 2083 937 2158 artissimis
969 2089 1075 2144 tamen
1104 2084 1301 2166 cognationis

217 2199 349 2260 vinculis
363 2199 444 2258 hanc
468 2203 499 2258 et
520 2199 607 2258 illam
628 2199 839 2276 quaestionem
857 2199 1034 2278 conjunxit,
1056 2203 1090 2260 ut
1109 2217 1147 2259 ex
1172 2200 1301 2260 exordio

218 2316 288 2395 ipso
303 2312 450 2393 apparet*
472 2333 478 2374 :
503 2337 518 2369 α
538 2303 810 2386 Quemadmodum
821 2314 860 2374 de
874 2314 954 2388 loco,
971 2315 1014 2376 ita
1029 2315 1068 2375 de
1080 2315 1177 2389 inani,
1192 2319 1298 2377 utrum

220 2455 234 2486 «
249 2431 291 2491 sit
303 2447 416 2504 necne,
433 2433 464 2490 et
480 2430 639 2508 quomodo
656 2430 697 2490 sit
714 2429 835 2508 etquid
851 2430 907 2504 sit,
922 2429 1044 2509 physici
1063 2435 1110 2491 est
1127 2432 1298 2509 inquirere.

221 2571 235 2601 ο
250 2546 416 2624 Golh'gilur
428 2545 514 2606 enim
523 2563 561 2606 ex
569 2545 773 2624 opinionibus
786 2545 903 2606 similia
914 2546 952 2606 de
964 2551 1095 2624 utraque
1106 2564 1139 2607 re
1150 2553 1205 2608 aul
1215 2549 1300 2636 credi

220 2685 233 2716 «
247 2666 300 2722 aut
314 2661 462 2722 dubitari.
480 2663 557 2722 Nam
572 2661 626 2738 qui
642 2661 734 2721 inane
747 2678 816 2722 esse
831 2661 951 2731 dicunt,
963 2661 986 2721 ii
997 2662 1088 2738 inane
1103 2662 1220 2724 iaciunt
1231 2681 1300 2724 esse

220 2802 234 2833 «
251 2779 354 2840 locum
367 2778 525 2857 quendam
538 2782 569 2839 et
583 2795 648 2851 vas,
666 2778 750 2856 quod
766 2778 896 2857 plenum
912 2779 952 2838 sit
965 2796 1037 2839 curn
1056 2780 1173 2860 molem
1187 2780 1301 2842 haheat

220 2917 234 2947 «
252 2893 339 2971 eujus
358 2911 454 2972 capax
469 2897 532 2968 est,
548 2910 680 2953 vacuum
695 2896 801 2952 autem
821 2910 892 2953 cum
914 2911 951 2953 ea
970 2894 1122 2955 orbetur:
1143 2897 1231 2972 quasi
1252 2913 1301 2956 ea·

220 3033 234 3064 a
252 3009 324 3069 dem
342 3027 392 3069 res
412 3011 474 3070 sint
494 3011 582 3070 locus
602 3009 757 3082 etimne,
780 3009 953 3070 exsistendi
974 3014 1080 3070 autern
1097 3011 1194 3072 modo
1218 3012 1301 3073 inter

221 3147 235 3178 «
252 3142 285 3183 se
306 3125 461 3186 differant.
488 3150 502 3180 »
524 3126 737 3196 -Quantum
761 3124 945 3203 intellegere
961 3143 1144 3204 possumus,
1167 3127 1300 3188 diversis

219 3241 322 3300 modis
345 3241 525 3302 existimant
539 3240 592 3300 isti
613 3257 645 3299 se
660 3239 778 3303 habere
795 3241 920 3314 locum,
940 3240 1004 3300 sive
1019 3241 1132 3319 plenus
1155 3245 1217 3314 est,
1233 3243 1299 3303 sive

219 3373 356 3417 vacuus:
372 3357 411 3417 de
426 3357 496 3416 loco
509 3360 615 3416 tamen
634 3356 724 3434 quasi
739 3356 778 3415 do
794 3357 992 3435 receptaculo
1013 3375 1069 3436 per
1083 3376 1116 3418 se
1134 3376 1232 3419 vacuo
1252 3359 1299 3418 lo-

219 3476 367 3550 quunlur.

250 3701 283 3764 (l)
298 3702 378 3765 Phys.
391 3705 433 3762 lv,
447 3707 500 3762 213,
512 3716 536 3760 a,
552 3706 579 3751 ti
591 3719 596 3750 :
608 3703 655 3752 Τὸν
669 3703 743 3752 αὐτὸν
757 3703 783 3752 δὲ
798 3701 887 3768 τρόπον
901 3703 1054 3762 ὑποληπτέον
1067 3704 1130 3753 εἶναι
1141 3709 1186 3754 τοῦ
1198 3712 1301 3767 φυσικοῦ

217 3882 273 3946 περὶ
286 3879 373 3930 τόπον·
388 3881 429 3928 καὶ
442 3880 489 3944 γὰρ
501 3879 674 3945 παραπλησίαν
689 3879 739 3944 ἔχει
754 3880 798 3938 τήν
815 3896 842 3929 τε
855 3880 971 3931 ἀπιστίαν
987 3882 1028 3931 καὶ
1045 3884 1090 3942 τήν
1103 3881 1184 3931 πίστιν
1199 3884 1238 3932 διὰ
1250 3886 1303 3933 τῶν

217 3969 465 4032 ὑπολαμὸανομένωψ
481 3969 532 4018 οἶον
547 3969 594 4035 γὰρ
607 3968 682 4018 τόπον
697 3969 750 4018 τινὰ
764 3972 805 4018 καὶ
819 3969 919 4034 ἀγγεῖον
937 3972 965 4020 τὸ
980 3971 1052 4020 κενὸν
1064 3971 1171 4021 τιθέασιν
1184 3975 1206 4021 ol
1217 3973 1302 4037 λέγον-

218 4074 266 4118 τες,
278 4059 347 4106 δοκεῖ
361 4058 386 4107 δὲ
402 4060 489 4123 πλῆρες
505 4057 546 4120 μὲν
564 4059 638 4117 εἶναι,
655 4059 714 4108 ὅταν
731 4058 774 4123 ἔχῃ
791 4059 834 4108 τὸν
852 4058 926 4123 ὄγκον
943 4059 971 4109 οὗ
987 4059 1096 4109 δεκτικόν
1109 4060 1186 4122 ἐστιν,
1201 4060 1260 4110 ὅταν
1273 4060 1304 4111 δὲ

218 4146 339 4210 στερηθῇ,
351 4147 431 4204 κενόν,
447 4149 480 4203 ὡς
491 4148 519 4196 τὸ
535 4146 593 4195 αὐτὸ
610 4145 653 4208 μὲν
664 4147 691 4196 ὂν
704 4147 774 4195 κενὸν
787 4148 829 4198 καὶ
841 4149 928 4214 πλῆρες
947 4149 989 4198 καὶ
1006 4147 1091 4209 τέπον,
1109 4149 1138 4198 τὸ
1157 4149 1240 4199 δἐἶναι
1257 4151 1302 4200 αὑ·

166 4231 169 4238 ’
218 4237 269 4292 τοῖς
285 4234 312 4284 οὐ
328 4235 401 4284 ταύτὸ
416 4234 452 4286 ὄν.
