3160 5054
321 527 351 573 50
710 519 788 576 Qutu
804 519 1017 568 ARISTOTELES

320 664 467 726 mobiles.
491 661 618 735 Omnia,
642 679 711 740 quae
731 667 906 735 moventur,
920 667 974 722 aut
992 662 1021 721 vi
1043 662 1165 722 moveri
1188 661 1326 724 diximus
1348 667 1404 724 aut

319 785 430 841 nature
446 799 454 839 :
474 795 542 856 quae
557 781 667 839 nature
682 782 879 853 moveantur,
895 795 930 838 ea
946 778 994 838 vel
1010 777 1164 856 gravitate
1185 777 1336 839 deorsum
1354 779 1402 838 vel

319 895 447 956 levitate
462 894 495 954 in
513 893 648 954 sublime
669 892 759 966 ferri;
778 893 832 953 illa
846 897 954 954 autem
976 896 1084 953 contra
1104 896 1247 954 naturam
1270 893 1401 966 moveri,

320 1028 391 1088 quae
407 1010 501 1089 pulsu
514 1009 672 1087 agitentur
682 1008 795 1070 alieno.
808 1003 854 1069 Ila
865 1010 901 1069 lit
915 1013 949 1070 ut
961 1012 1086 1070 terrena
1099 1009 1132 1068 in
1144 1012 1277 1081 terram,
1294 1008 1403 1069 umida

318 1126 350 1185 in
372 1142 485 1204 aquam
508 1129 619 1202 suopte
638 1127 719 1185 nutu
740 1141 777 1184 ac
793 1124 933 1203 pondere
957 1125 1106 1196 ferantur,
1130 1123 1216 1186 aeria
1241 1127 1348 1184 autem
1370 1127 1402 1184 et

318 1242 409 1319 ignea
425 1241 457 1300 in
470 1257 543 1300 aera
558 1243 589 1300 et
601 1239 722 1318 ignem,
736 1240 821 1301 velut
836 1239 904 1318 ipsa
918 1243 1028 1300 natura
1041 1239 1203 1318 superiora
1217 1243 1399 1318 appetente,

318 1353 514 1417 subvolent⁴.
535 1355 740 1416 —Eundem
764 1372 892 1415 sensum
907 1355 1093 1416 Aristoteles
1107 1354 1217 1416 multis
1240 1355 1401 1432 variisque

317 1471 435 1545 medie,
461 1471 527 1532 sive
551 1471 584 1530 in
608 1469 742 1548 Physica
762 1471 1014 1543 Auscultatione‚
1039 1470 1105 1530 sive
1128 1470 1161 1530 in
1180 1470 1251 1531 aliis
1274 1468 1398 1544 linris2,

316 1586 453 1656 extulit:
469 1590 574 1646 actum
596 1585 760 1663 proprium
774 1569 954 1663 'gravitatis
965 1603 1034 1646 esse
1052 1588 1087 1647 ut
1106 1585 1256 1647 deorsum
1277 1585 1398 1658 tendat,

315 1701 454 1761 levitatis
475 1701 560 1762 utin
578 1700 715 1760 sublime
736 1701 862 1760 teratur.
884 1701 1040 1772 Quantum
1054 1704 1161 1762 autem
1184 1701 1337 1761 momenti
1359 1701 1399 1761 ad

316 1821 456 1877 ceteram
468 1815 611 1893 ejusdem
626 1815 826 1893 disciplinam
841 1813 902 1876 hoo
917 1816 1088 1877 discrimen
1097 1815 1225 1886 habeat,
1239 1834 1277 1877 ex
1287 1821 1399 1893 quarto

317 1932 399 1992 libro
420 1933 464 1991 De
487 1931 568 1992 Caelo
590 1931 731 2010 colliges
749 1930 880 1992 Gloriari
901 1931 962 1991 sibi
986 1932 1030 1992 ibi
1051 1931 1236 1992 Aristoteles
1258 1932 1397 2004 videtur,

317 2064 388 2108 cum
402 2026 583 2125 philosophi
594 2046 773 2124 complures
783 2047 1114 2128 anteaexplicuverint
1128 2046 1399 2124 quemadmodum

315 2161 375 2222 alia
389 2161 459 2222 aliis
471 2163 617 2240 graviora
627 2162 689 2221 sint
699 2165 794 2240 atque
805 2162 938 2234 leviora,
953 2163 1093 2240 primum
1105 2179 1138 2222 se
1152 2162 1326 2236 exstitisse,
1344 2163 1398 2240 qui

314 2293 420 2337 causas
435 2276 595 2356 gravitatis
610 2277 814 2354 levitatisque
830 2277 982 2355 aperiret,
1000 2277 1183 2356 faceretque
1196 2277 1327 2357 planum
1341 2296 1399 2338 cur

314 2392 375 2452 alia
392 2391 543 2452 deorsum
562 2391 707 2465 tendant,
728 2392 789 2451 alia
804 2409 930 2453 sursum
953 2393 986 2452 in
1012 2393 1149 2454 sublime
1173 2393 1395 2454 moveantur3.

315 2507 432 2579 Quibus
445 2507 484 2567 de
499 2507 600 2568 causis
618 2506 726 2585 etjam
740 2524 834 2586 supra
845 2525 863 2568 a
875 2508 967 2568 nobis
981 2508 1101 2569 dictum
1115 2513 1177 2581 est,
1190 2513 1222 2583 et
1236 2509 1268 2568 in
1282 2507 1397 2569 eodem

306 2791 312 2799 .
344 2731 376 2794 (1)
392 2730 476 2780 Verba
490 2744 504 2780 a
519 2731 641 2780 Cicerone
656 2733 813 2790 mutuamur,
830 2731 875 2794 qul
890 2731 1065 2782 Aristotelium
1080 2746 1182 2783 sensum
1196 2734 1275 2784 latine
1294 2750 1395 2800 expres·

313 2819 347 2868 sit
362 2821 480 2882 (Tuscul.
494 2823 589 2877 Quaest.
603 2821 623 2877 Ι,
638 2822 681 2879 17;
697 2823 736 2870 Dc
749 2822 860 2870 lt’ctrcru
875 2822 1004 2882 Deorum,
1019 2823 1052 2879 ΙΙ,
1069 2823 1114 2885 16),

343 2908 376 2970 (2)
391 2909 474 2971 Phys
490 2909 532 2968 IV,
548 2913 604 2966 215,
618 2922 641 2968 a,
654 2914 667 2957 2
683 2926 688 2958 ι
702 2913 771 2958 πᾶσα
785 2911 903 2968 κίνησιςῆ
919 2909 984 2975 βίᾳῆ
997 2911 1153 2975 κατὰφύσιν.
1169 2912 1274 2978 Ἀνάγκη
1287 2914 1342 2963 ὃόἰν
1352 2931 1396 2978 περ

309 2997 327 3060 ’ᾖ
340 2995 424 3062 βίαιος,
441 2999 553 3046 εἶναικαὶ
569 2999 611 3055 τήν
625 2991 781 3061 κατὰφύσιν·
794 3001 808 3056 ἡ
824 2999 865 3062 μὲν
880 2999 925 3062 γὰρ
941 3000 1019 3064 βίαιος
1029 3001 1095 3064 παρὰ
1107 3001 1176 3064 φύσιν
1190 3003 1265 3064 ἐστίν,
1280 3006 1295 3061 ἡ
1307 3004 1333 3053 δὲ
1347 3022 1396 3053 ποι·

312 3088 342 3151 ρὰ
356 3086 426 3149 φύσιν
440 3087 530 3151 ὑστέρα
544 3091 585 3145 τῆς
597 3086 661 3134 κατὰ
675 3086 756 3150 φύσιν,
773 3112 804 3122 ·-
821 3085 904 3152 Phys,
915 3089 984 3146 vill,
997 3093 1051 3147 255,
1065 3102 1088 3147 a,
1104 3096 1118 3138 2
1133 3107 1139 3138 ι
1153 3096 1232 3140 ταῦτα
1245 3093 1291 3159 γὰρ
1307 3095 1339 3150 εἷς
1351 3095 1394 3157 μὲν

310 3173 366 3228 τοὺς
377 3171 555 3235 ἀντικειμένους
566 3173 655 3228 τόπους
672 3173 715 3238 βίᾳ
728 3177 839 3232 κινεῖται,
853 3175 886 3232 τίς
900 3175 927 3226 δὲ
943 3176 998 3231 τοὺς
1010 3176 1124 3235 οἰκείους,
1138 3178 1167 3226 τὸ
1182 3179 1224 3238 μὲν
1240 3183 1329 3243 κοῦρον
1344 3181 1395 3230 ἄνω

310 3262 337 3311 τὸ
352 3261 377 3311 δὲ
389 3263 451 3328 βαρὺ
463 3262 540 3322 κάτω,
553 3263 632 3326 φύσει.
646 3289 677 3298 -
691 3266 727 3312 Dc
740 3264 820 3322 calo,
837 3265 882 3322 lv,
902 3269 950 3314 1-5.
965 3292 997 3302 -·
1011 3266 1091 3329 Phys.
1106 3269 1137 3325 V,
1149 3273 1203 3327 230,
1219 3269 1243 3327 b,
1263 3277 1291 3319 12
1305 3289 1310 3320 :
1327 3273 1394 3335 ρέρε·

310 3365 350 3398 ται
367 3351 392 3398 δὲ
407 3353 451 3410 τὴν
465 3352 517 3400 ἄνω
527 3351 595 3414 ρύστι
612 3352 641 3400 τὸ
656 3355 711 3416 πῦρ,
730 3353 773 3410 τὴν
789 3353 813 3401 δὲ
828 3353 897 3402 κάτω
910 3357 925 3414 ἡ
942 3360 981 3414 γῆ·
997 3357 1038 3404 καὶ
1055 3356 1162 3406 ἐναντίαι
1178 3359 1258 3408 αὐτῶν
1276 3362 1300 3408 οιὶ
1313 3361 1393 3424 ροροιί.

310 3438 343 3486 Τὸ
357 3439 383 3487 δὲ
396 3444 444 3503 ιτῡρ
459 3440 510 3488 ἄνω
524 3440 567 3502 μὲν
583 3439 661 3502 φύσει,
677 3441 744 3490 κάτω
762 3442 789 3489 δὲ
803 3442 871 3506 παρὰ
887 3443 966 3505 φύσιν.
982 3471 1013 3478 -
1027 3446 1064 3494 De
1079 3447 1163 3505 ceto,
1179 3449 1211 3505 ll,
1231 3451 1287 3507 296,
1300 3447 1325 3508 b,
1338 3454 1368 3498 27
1386 3468 1392 3500 :

305 3516 390 3593 ἐίὟὰρ
405 3528 473 3588 φύσει
489 3527 580 3589 πὲρυκε
593 3531 706 3593 φέρεσθαι
720 3529 837 3594 μάντοθεν
852 3532 911 3596 πρὸς
925 3533 953 3580 τὸ
968 3533 1053 3595 μέσον,
1075 3537 1160 3600 ὥσπερ
1176 3536 1291 3597 φαίνεται,
1308 3540 1349 3588 καί
1365 3541 1393 3588 τὸ

309 3622 356 3680 πῦρ
373 3617 421 3666 ἀπὸ
436 3621 479 3666 τοῦ
496 3618 570 3680 μέσον
582 3617 653 3666 πάλιν
664 3619 721 3680 πρὸς
740 3620 768 3668 τὸ
789 3619 908 3683 ἔσχατον,
930 3621 1050 3670 ἀδύνατον
1071 3625 1195 3689 ἐνεχθῆναι
1210 3627 1289 3675 ὁτιοῦν
1310 3629 1392 3691 μόριον

309 3703 381 3762 αὐτῆς
395 3702 444 3752 ἀπὸ
458 3707 501 3750 τοῦ
518 3703 593 3764 μέσον
605 3705 637 3765 μὴ
653 3703 758 3766 βιασθέν.

339 3790 371 3852 (3)
386 3794 426 3840 De
440 3790 518 3851 Coelo,
532 3792 574 3849 lv,
592 3793 650 3848 308,
666 3804 688 3848 υ,
706 3794 736 3840 el
754 3810 759 3841 ι
776 3797 825 3841 τῶν
841 3794 870 3850 δὴ
885 3794 1003 3861 πρότερον
1022 3796 1136 3848 ἐλθόντων
1153 3800 1191 3848 ἐπὶ
1205 3802 1247 3859 τὴν
1262 3803 1317 3867 περὶ
1333 3797 1390 3852 τοίν-

306 3896 354 3928 των
369 3879 454 3942 σκέψιν
467 3880 553 3943 σχεδὸν
568 3881 715 3929 οἱπλεῖστοι
730 3881 782 3944 περὶ
796 3883 846 3930 τῶν
862 3883 926 3932 οὕτω
943 3885 1036 3946 βαρέων
1050 3887 1092 3936 καὶ
1107 3887 1201 3949 κούρων
1216 3891 1329 3954 εἰρήκασι
1347 3895 1392 3955 μό·

307 3984 356 4028 νον,
371 3969 435 4017 ὅσων
448 3967 587 4032 ἀμροτέρων
600 3968 704 4031 ἐχόντων
720 3969 793 4034 βάρος
810 3971 905 4033 θάτερόν
920 3972 971 4021 ἑστι
985 3974 1163 4041 κουρότερον.,.
1177 3979 1283 4040 Λέγουσι
1299 3981 1346 4045 γὰρ
1363 3983 1391 4031 τὸ

308 4055 451 4120 κουφότερον
472 4058 513 4105 καὶ
532 4056 658 4120 βαρύτερον
673 4061 696 4106 οἱ
717 4058 760 4121 μὲν
778 4060 862 4124 ὥσπερ
877 4061 949 4122 ἐντῷ
966 4063 1063 4131 Τιμαίῳ
1081 4064 1196 4128 τυγχάνει
1215 4069 1388 4132 γεγραμμένον,
1453 4123 1456 4130 ,

308 4144 435 4207 βαρύτερον
451 4143 491 4205 μὲν
511 4145 539 4193 τὸ
555 4145 581 4192 ἐκ
599 4143 713 4194 πλειόνων
730 4145 779 4193 τῶν
795 4145 873 4196 αὐτῶν
887 4149 1015 4209 συνεστός,
1030 4152 1176 4218 κουφότερον
1195 4155 1220 4203 δὲ
1234 4156 1262 4205 τὸ
1277 4157 1301 4213 ἐξ
1319 4157 1388 4207 ἐλατ-

308 4232 413 4282 τόνων...
427 4233 499 4282 Οὕτω
513 4233 542 4291 δὴ
557 4233 720 4298 διωρισμένων
736 4235 780 4284 οὐκ
795 4235 858 4298 είρητ
867 4253 892 4285 αι
907 4239 966 4299 περὶ
980 4245 1024 4288 τοῦ
1040 4242 1122 4300 ἁπλῶς
1135 4237 1224 4306 κου’ρου
1238 4245 1280 4294 καὶ
1295 4245 1389 4310 βαρέος.
