<?xml version="1.0" encoding="UTF-8"?>
<!DOCTYPE html PUBLIC "-//W3C//DTD XHTML 1.0 Transitional//EN"
    "http://www.w3.org/TR/xhtml1/DTD/xhtml1-transitional.dtd">
<html xmlns="http://www.w3.org/1999/xhtml" xml:lang="en" lang="en">
 <head>
  <title>
</title>
<meta http-equiv="Content-Type" content="text/html;charset=utf-8" />
  <meta name='ocr-system' content='tesseract 3.04.00' />
  <meta name='ocr-capabilities' content='ocr_page ocr_carea ocr_par ocr_line ocrx_word'/>
</head>
<body>
  <div class='ocr_page' id='page_1' title='image "./quidaristoteles00berggoog_0014.png"; bbox 0 0 3160 5054; ppageno 0'>
   <div class='ocr_carea' id='block_1_1' title="bbox 571 511 895 564">
    <p class='ocr_par' dir='ltr' id='par_1_1' title="bbox 571 511 895 564">
     <span class='ocr_line' id='line_1_1' title="bbox 571 511 895 564; baseline -0.006 -2"><span class='ocrx_word' id='word_1_1' title='bbox 571 515 614 562; x_wconf 78' lang='lat' dir='ltr'>bu</span> <span class='ocrx_word' id='word_1_2' title='bbox 629 512 714 564; x_wconf 79' lang='lat' dir='ltr'>Loco</span> <span class='ocrx_word' id='word_1_3' title='bbox 733 511 895 564; x_wconf 73' lang='lat' dir='ltr'>suusmur.</span> 
     </span>
    </p>
   </div>
   <div class='ocr_carea' id='block_1_2' title="bbox 725 1057 747 1116">
    <p class='ocr_par' dir='ltr' id='par_1_2' title="bbox 725 1057 747 1116">
     <span class='ocr_line' id='line_1_2' title="bbox 725 1057 747 1116; baseline -0.182 0"><span class='ocrx_word' id='word_1_4' title='bbox 725 1057 747 1116; x_wconf 94' lang='lat' dir='ltr'>I.</span> 
     </span>
    </p>
   </div>
   <div class='ocr_carea' id='block_1_3' title="bbox 266 1283 1216 1476">
    <p class='ocr_par' dir='ltr' id='par_1_3' title="bbox 266 1283 1216 1476">
     <span class='ocr_line' id='line_1_3' title="bbox 266 1283 1216 1368; baseline -0.005 -18"><span class='ocrx_word' id='word_1_5' title='bbox 266 1289 380 1364; x_wconf 77' lang='lat' dir='ltr'>Quidue</span> <span class='ocrx_word' id='word_1_6' title='bbox 394 1289 578 1368; x_wconf 55' lang='lat' dir='ltr'>armamentis</span> <span class='ocrx_word' id='word_1_7' title='bbox 606 1285 782 1346; x_wconf 82' lang='lat' dir='ltr'>Aristoteles</span> <span class='ocrx_word' id='word_1_8' title='bbox 797 1286 894 1346; x_wconf 83' lang='lat' dir='ltr'>locum</span> <span class='ocrx_word' id='word_1_9' title='bbox 909 1301 1010 1346; x_wconf 79' lang='lat' dir='ltr'>recem</span> <span class='ocrx_word' id='word_1_10' title='bbox 1024 1301 1083 1344; x_wconf 82' lang='lat' dir='ltr'>esse</span> <span class='ocrx_word' id='word_1_11' title='bbox 1098 1283 1216 1364; x_wconf 68' lang='lat' dir='ltr'>eliquat</span> 
     </span>
     <span class='ocr_line' id='line_1_4' title="bbox 621 1400 858 1476; baseline -0.004 -15"><span class='ocrx_word' id='word_1_12' title='bbox 621 1400 858 1476; x_wconf 68' lang='lat' dir='ltr'>confirmaverat.</span> 
     </span>
    </p>
   </div>
   <div class='ocr_carea' id='block_1_4' title="bbox 197 1632 1310 2982">
    <p class='ocr_par' dir='ltr' id='par_1_4' title="bbox 197 1632 1310 2520">
     <span class='ocr_line' id='line_1_5' title="bbox 236 1632 1284 1711; baseline -0.004 -15"><span class='ocrx_word' id='word_1_13' title='bbox 236 1635 379 1696; x_wconf 90' lang='lat' dir='ltr'>Primum</span> <span class='ocrx_word' id='word_1_14' title='bbox 405 1633 568 1708; x_wconf 85' lang='lat' dir='ltr'>omnium,</span> <span class='ocrx_word' id='word_1_15' title='bbox 596 1634 701 1694; x_wconf 88' lang='lat' dir='ltr'>locum</span> <span class='ocrx_word' id='word_1_16' title='bbox 721 1651 789 1694; x_wconf 92' lang='lat' dir='ltr'>esse</span> <span class='ocrx_word' id='word_1_17' title='bbox 813 1637 934 1694; x_wconf 84' lang='lat' dir='ltr'>certum</span> <span class='ocrx_word' id='word_1_18' title='bbox 955 1632 1077 1711; x_wconf 88' lang='lat' dir='ltr'>aliquid</span> <span class='ocrx_word' id='word_1_19' title='bbox 1099 1632 1284 1693; x_wconf 86' lang='lat' dir='ltr'>Aristoteles</span> 
     </span>
     <span class='ocr_line' id='line_1_6' title="bbox 197 1748 1284 1834; baseline -0.003 -23"><span class='ocrx_word' id='word_1_20' title='bbox 197 1751 306 1834; x_wconf 87' lang='lat' dir='ltr'>multis</span> <span class='ocrx_word' id='word_1_21' title='bbox 326 1750 519 1829; x_wconf 79' lang='lat' dir='ltr'>argumentis</span> <span class='ocrx_word' id='word_1_22' title='bbox 534 1750 701 1810; x_wconf 84' lang='lat' dir='ltr'>confirmat</span> <span class='ocrx_word' id='word_1_23' title='bbox 725 1766 731 1808; x_wconf 94' lang='lat'><strong>:</strong></span> <span class='ocrx_word' id='word_1_24' title='bbox 750 1766 885 1828; x_wconf 90' lang='lat' dir='ltr'>quorum</span> <span class='ocrx_word' id='word_1_25' title='bbox 899 1748 1063 1822; x_wconf 88' lang='lat' dir='ltr'>nonnulla,</span> <span class='ocrx_word' id='word_1_26' title='bbox 1078 1751 1187 1827; x_wconf 86' lang='lat' dir='ltr'>utpote</span> <span class='ocrx_word' id='word_1_27' title='bbox 1203 1765 1284 1808; x_wconf 87' lang='lat' dir='ltr'>ace-</span> 
     </span>
     <span class='ocr_line' id='line_1_7' title="bbox 197 1839 1310 1944; baseline -0.002 -18"><span class='ocrx_word' id='word_1_28' title='bbox 197 1839 265 1927; x_wconf 87' lang='lat' dir='ltr'>tera</span> <span class='ocrx_word' id='word_1_29' title='bbox 279 1865 422 1944; x_wconf 84' lang='lat' dir='ltr'>ejusdem</span> <span class='ocrx_word' id='word_1_30' title='bbox 437 1865 605 1943; x_wconf 84' lang='lat' dir='ltr'>disciplina</span> <span class='ocrx_word' id='word_1_31' title='bbox 617 1865 841 1942; x_wconf 83' lang='lat' dir='ltr'>discrepantia,</span> <span class='ocrx_word' id='word_1_32' title='bbox 859 1864 1094 1942; x_wconf 88' lang='lat' dir='ltr'>aliquantulum</span> <span class='ocrx_word' id='word_1_33' title='bbox 1107 1863 1285 1924; x_wconf 87' lang='lat' dir='ltr'>obscurita-</span> <span class='ocrx_word' id='word_1_34' title='bbox 1306 1907 1310 1913; x_wconf 82' lang='lat'>-</span> 
     </span>
     <span class='ocr_line' id='line_1_8' title="bbox 198 1979 1286 2059; baseline -0.003 -18"><span class='ocrx_word' id='word_1_35' title='bbox 198 1982 240 2042; x_wconf 90' lang='lat' dir='ltr'>tis</span> <span class='ocrx_word' id='word_1_36' title='bbox 253 1981 380 2041; x_wconf 91' lang='lat' dir='ltr'>habent.</span> <span class='ocrx_word' id='word_1_37' title='bbox 397 1980 590 2059; x_wconf 84' lang='lat' dir='ltr'>Expedietur</span> <span class='ocrx_word' id='word_1_38' title='bbox 605 1984 712 2041; x_wconf 91' lang='lat' dir='ltr'>tamen</span> <span class='ocrx_word' id='word_1_39' title='bbox 726 1997 793 2055; x_wconf 85' lang='lat' dir='ltr'>res,</span> <span class='ocrx_word' id='word_1_40' title='bbox 813 1980 839 2039; x_wconf 89' lang='lat' dir='ltr'>si</span> <span class='ocrx_word' id='word_1_41' title='bbox 853 1979 1168 2040; x_wconf 88' lang='lat' dir='ltr'>animadverterimus</span> <span class='ocrx_word' id='word_1_42' title='bbox 1181 1979 1286 2040; x_wconf 78' lang='lat' dir='ltr'>mInus</span> 
     </span>
     <span class='ocr_line' id='line_1_9' title="bbox 200 2094 1286 2175; baseline -0.004 -17"><span class='ocrx_word' id='word_1_43' title='bbox 200 2096 239 2158; x_wconf 96' lang='lat' dir='ltr'>de</span> <span class='ocrx_word' id='word_1_44' title='bbox 255 2114 310 2157; x_wconf 89' lang='lat' dir='ltr'>sua</span> <span class='ocrx_word' id='word_1_45' title='bbox 323 2095 421 2175; x_wconf 89' lang='lat' dir='ltr'>ipsius</span> <span class='ocrx_word' id='word_1_46' title='bbox 435 2113 530 2173; x_wconf 87' lang='lat' dir='ltr'>quam</span> <span class='ocrx_word' id='word_1_47' title='bbox 545 2095 584 2156; x_wconf 91' lang='lat' dir='ltr'>de</span> <span class='ocrx_word' id='word_1_48' title='bbox 600 2095 722 2174; x_wconf 84' lang='lat' dir='ltr'>vulgari</span> <span class='ocrx_word' id='word_1_49' title='bbox 739 2095 894 2174; x_wconf 88' lang='lat' dir='ltr'>opinione</span> <span class='ocrx_word' id='word_1_50' title='bbox 910 2095 1112 2156; x_wconf 81' lang='lat' dir='ltr'>Aristotelem</span> <span class='ocrx_word' id='word_1_51' title='bbox 1129 2112 1165 2155; x_wconf 90' lang='lat' dir='ltr'>ea</span> <span class='ocrx_word' id='word_1_52' title='bbox 1184 2094 1286 2155; x_wconf 91' lang='lat' dir='ltr'>disse-</span> 
     </span>
     <span class='ocr_line' id='line_1_10' title="bbox 199 2209 1289 2289; baseline -0.001 -19"><span class='ocrx_word' id='word_1_53' title='bbox 199 2228 279 2272; x_wconf 88' lang='lat' dir='ltr'>rere.</span> <span class='ocrx_word' id='word_1_54' title='bbox 294 2213 442 2272; x_wconf 85' lang='lat' dir='ltr'>Naturam</span> <span class='ocrx_word' id='word_1_55' title='bbox 456 2211 544 2271; x_wconf 91' lang='lat' dir='ltr'>enim</span> <span class='ocrx_word' id='word_1_56' title='bbox 558 2210 620 2270; x_wconf 88' lang='lat' dir='ltr'>leci</span> <span class='ocrx_word' id='word_1_57' title='bbox 637 2210 716 2272; x_wconf 91' lang='lat' dir='ltr'>alias</span> <span class='ocrx_word' id='word_1_58' title='bbox 730 2210 929 2289; x_wconf 88' lang='lat' dir='ltr'>introspiciet</span> <span class='ocrx_word' id='word_1_59' title='bbox 943 2229 950 2270; x_wconf 91' lang='lat'>:</span> <span class='ocrx_word' id='word_1_60' title='bbox 966 2228 1050 2271; x_wconf 92' lang='lat' dir='ltr'>nunc</span> <span class='ocrx_word' id='word_1_61' title='bbox 1063 2209 1102 2270; x_wconf 87' lang='lat' dir='ltr'>de</span> <span class='ocrx_word' id='word_1_62' title='bbox 1115 2210 1175 2270; x_wconf 88' lang='lat' dir='ltr'>hec</span> <span class='ocrx_word' id='word_1_63' title='bbox 1186 2210 1289 2288; x_wconf 87' lang='lat' dir='ltr'>agitur</span> 
     </span>
     <span class='ocr_line' id='line_1_11' title="bbox 198 2325 1289 2405; baseline -0.001 -18"><span class='ocrx_word' id='word_1_64' title='bbox 198 2326 430 2401; x_wconf 87' lang='lat' dir='ltr'>tantummode,</span> <span class='ocrx_word' id='word_1_65' title='bbox 442 2326 607 2387; x_wconf 89' lang='lat' dir='ltr'>neminem</span> <span class='ocrx_word' id='word_1_66' title='bbox 620 2326 771 2405; x_wconf 83' lang='lat' dir='ltr'>cogitare,</span> <span class='ocrx_word' id='word_1_67' title='bbox 784 2326 946 2386; x_wconf 89' lang='lat' dir='ltr'>neminem</span> <span class='ocrx_word' id='word_1_68' title='bbox 960 2325 1058 2404; x_wconf 90' lang='lat' dir='ltr'>loqui,</span> <span class='ocrx_word' id='word_1_69' title='bbox 1072 2325 1197 2386; x_wconf 86' lang='lat' dir='ltr'>etiamsi</span> <span class='ocrx_word' id='word_1_70' title='bbox 1211 2325 1289 2386; x_wconf 86' lang='lat' dir='ltr'>salsa</span> 
     </span>
     <span class='ocr_line' id='line_1_12' title="bbox 201 2441 1186 2520; baseline 0 -18"><span class='ocrx_word' id='word_1_71' title='bbox 201 2441 284 2503; x_wconf 89' lang='lat' dir='ltr'>dicat</span> <span class='ocrx_word' id='word_1_72' title='bbox 296 2442 465 2514; x_wconf 69' lang='lat' dir='ltr'>senumve,</span> <span class='ocrx_word' id='word_1_73' title='bbox 485 2441 562 2520; x_wconf 91' lang='lat' dir='ltr'>quin</span> <span class='ocrx_word' id='word_1_74' title='bbox 582 2442 686 2502; x_wconf 90' lang='lat' dir='ltr'>locum</span> <span class='ocrx_word' id='word_1_75' title='bbox 703 2441 808 2520; x_wconf 90' lang='lat' dir='ltr'>reipsa</span> <span class='ocrx_word' id='word_1_76' title='bbox 822 2441 943 2520; x_wconf 91' lang='lat' dir='ltr'>aliquid</span> <span class='ocrx_word' id='word_1_77' title='bbox 957 2459 1026 2502; x_wconf 88' lang='lat' dir='ltr'>esse</span> <span class='ocrx_word' id='word_1_78' title='bbox 1039 2441 1186 2502; x_wconf 87' lang='lat' dir='ltr'>fateatur.</span> 
     </span>
    </p>

    <p class='ocr_par' dir='ltr' id='par_1_5' title="bbox 201 2557 1289 2982">
     <span class='ocr_line' id='line_1_13' title="bbox 242 2557 1288 2635; baseline -0.003 -16"><span class='ocrx_word' id='word_1_79' title='bbox 242 2557 355 2619; x_wconf 90' lang='lat' dir='ltr'>Omnia</span> <span class='ocrx_word' id='word_1_80' title='bbox 370 2557 476 2635; x_wconf 83' lang='lat' dir='ltr'>igitur,</span> <span class='ocrx_word' id='word_1_81' title='bbox 497 2574 705 2635; x_wconf 77' lang='lat' dir='ltr'>quacumque</span> <span class='ocrx_word' id='word_1_82' title='bbox 722 2560 807 2631; x_wconf 87' lang='lat' dir='ltr'>sunt,</span> <span class='ocrx_word' id='word_1_83' title='bbox 829 2557 945 2617; x_wconf 89' lang='lat' dir='ltr'>alicubi</span> <span class='ocrx_word' id='word_1_84' title='bbox 963 2573 1031 2618; x_wconf 88' lang='lat' dir='ltr'>esse</span> <span class='ocrx_word' id='word_1_85' title='bbox 1050 2557 1194 2618; x_wconf 87' lang='lat' dir='ltr'>dicimus.</span> <span class='ocrx_word' id='word_1_86' title='bbox 1210 2557 1288 2617; x_wconf 88' lang='lat' dir='ltr'>Dein</span> 
     </span>
     <span class='ocr_line' id='line_1_14' title="bbox 201 2671 1289 2751; baseline 0 -18"><span class='ocrx_word' id='word_1_87' title='bbox 201 2673 352 2734; x_wconf 86' lang='lat' dir='ltr'>motionis</span> <span class='ocrx_word' id='word_1_88' title='bbox 366 2671 592 2733; x_wconf 86' lang='lat' dir='ltr'>mutationisve</span> <span class='ocrx_word' id='word_1_89' title='bbox 606 2690 722 2751; x_wconf 86' lang='lat' dir='ltr'>genera</span> <span class='ocrx_word' id='word_1_90' title='bbox 734 2689 805 2733; x_wconf 93' lang='lat' dir='ltr'>cum</span> <span class='ocrx_word' id='word_1_91' title='bbox 818 2673 954 2751; x_wconf 90' lang='lat' dir='ltr'>plurima</span> <span class='ocrx_word' id='word_1_92' title='bbox 965 2690 1025 2733; x_wconf 91' lang='lat' dir='ltr'>usu</span> <span class='ocrx_word' id='word_1_93' title='bbox 1039 2672 1162 2750; x_wconf 80' lang='lat' dir='ltr'>cognita</span> <span class='ocrx_word' id='word_1_94' title='bbox 1173 2672 1289 2733; x_wconf 84' lang='lat' dir='ltr'>habea·</span> 
     </span>
     <span class='ocr_line' id='line_1_15' title="bbox 204 2787 1289 2867; baseline -0.001 -18"><span class='ocrx_word' id='word_1_95' title='bbox 204 2805 290 2861; x_wconf 91' lang='lat' dir='ltr'>mus,</span> <span class='ocrx_word' id='word_1_96' title='bbox 307 2789 395 2848; x_wconf 90' lang='lat' dir='ltr'>illam</span> <span class='ocrx_word' id='word_1_97' title='bbox 416 2805 489 2848; x_wconf 91' lang='lat' dir='ltr'>vere</span> <span class='ocrx_word' id='word_1_98' title='bbox 512 2787 704 2866; x_wconf 86' lang='lat' dir='ltr'>proprieque</span> <span class='ocrx_word' id='word_1_99' title='bbox 730 2787 926 2867; x_wconf 87' lang='lat' dir='ltr'>appellamus</span> <span class='ocrx_word' id='word_1_100' title='bbox 949 2788 1138 2859; x_wconf 82' lang='lat' dir='ltr'>motionem,</span> <span class='ocrx_word' id='word_1_101' title='bbox 1156 2805 1226 2866; x_wconf 85' lang='lat' dir='ltr'>quae</span> <span class='ocrx_word' id='word_1_102' title='bbox 1250 2787 1289 2848; x_wconf 91' lang='lat' dir='ltr'>ad</span> 
     </span>
     <span class='ocr_line' id='line_1_16' title="bbox 204 2901 1289 2982; baseline 0.001 -20"><span class='ocrx_word' id='word_1_103' title='bbox 204 2905 311 2964; x_wconf 90' lang='lat' dir='ltr'>locum</span> <span class='ocrx_word' id='word_1_104' title='bbox 326 2903 465 2982; x_wconf 86' lang='lat' dir='ltr'>pertinet</span> <span class='ocrx_word' id='word_1_105' title='bbox 476 2901 499 2962; x_wconf 83' lang='lat'>⁴.</span> <span class='ocrx_word' id='word_1_106' title='bbox 520 2904 589 2965; x_wconf 86' lang='lat' dir='ltr'>Iam</span> <span class='ocrx_word' id='word_1_107' title='bbox 605 2920 680 2963; x_wconf 84' lang='lat' dir='ltr'>vero</span> <span class='ocrx_word' id='word_1_108' title='bbox 695 2903 755 2963; x_wconf 90' lang='lat' dir='ltr'>alia</span> <span class='ocrx_word' id='word_1_109' title='bbox 770 2903 840 2963; x_wconf 90' lang='lat' dir='ltr'>aliis</span> <span class='ocrx_word' id='word_1_110' title='bbox 856 2902 1055 2964; x_wconf 87' lang='lat' dir='ltr'>succedentia</span> <span class='ocrx_word' id='word_1_111' title='bbox 1069 2920 1200 2982; x_wconf 90' lang='lat' dir='ltr'>corpora</span> <span class='ocrx_word' id='word_1_112' title='bbox 1215 2904 1289 2964; x_wconf 90' lang='lat' dir='ltr'>satis</span> 
     </span>
    </p>
   </div>
   <div class='ocr_carea' id='block_1_5' title="bbox 204 3018 1290 3329">
    <p class='ocr_par' dir='ltr' id='par_1_6' title="bbox 204 3018 1290 3329">
     <span class='ocr_line' id='line_1_17' title="bbox 208 3018 1290 3098; baseline 0 -19"><span class='ocrx_word' id='word_1_113' title='bbox 208 3022 365 3080; x_wconf 87' lang='lat' dir='ltr'>testantur</span> <span class='ocrx_word' id='word_1_114' title='bbox 391 3036 528 3080; x_wconf 86' lang='lat' dir='ltr'>scaenam</span> <span class='ocrx_word' id='word_1_115' title='bbox 555 3018 710 3096; x_wconf 89' lang='lat' dir='ltr'>quandam</span> <span class='ocrx_word' id='word_1_116' title='bbox 737 3020 865 3080; x_wconf 88' lang='lat' dir='ltr'>subesse</span> <span class='ocrx_word' id='word_1_117' title='bbox 893 3019 1107 3093; x_wconf 88' lang='lat' dir='ltr'>immobilem,</span> <span class='ocrx_word' id='word_1_118' title='bbox 1136 3019 1169 3079; x_wconf 91' lang='lat' dir='ltr'>in</span> <span class='ocrx_word' id='word_1_119' title='bbox 1196 3037 1290 3098; x_wconf 88' lang='lat' dir='ltr'>quam</span> 
     </span>
     <span class='ocr_line' id='line_1_18' title="bbox 205 3133 1288 3214; baseline 0.003 -21"><span class='ocrx_word' id='word_1_120' title='bbox 205 3134 347 3194; x_wconf 90' lang='lat' dir='ltr'>vicissim</span> <span class='ocrx_word' id='word_1_121' title='bbox 368 3134 524 3213; x_wconf 87' lang='lat' dir='ltr'>prodeant</span> <span class='ocrx_word' id='word_1_122' title='bbox 534 3133 557 3194; x_wconf 77' lang='lat'>².</span> <span class='ocrx_word' id='word_1_123' title='bbox 585 3134 645 3196; x_wconf 91' lang='lat' dir='ltr'>Ubi</span> <span class='ocrx_word' id='word_1_124' title='bbox 667 3135 754 3195; x_wconf 89' lang='lat' dir='ltr'>enim</span> <span class='ocrx_word' id='word_1_125' title='bbox 779 3139 844 3196; x_wconf 90' lang='lat' dir='ltr'>erat</span> <span class='ocrx_word' id='word_1_126' title='bbox 869 3152 964 3212; x_wconf 81' lang='lat' dir='ltr'>aqua,</span> <span class='ocrx_word' id='word_1_127' title='bbox 992 3136 1037 3196; x_wconf 94' lang='lat' dir='ltr'>ibi</span> <span class='ocrx_word' id='word_1_128' title='bbox 1056 3153 1110 3196; x_wconf 89' lang='lat' dir='ltr'>aer</span> <span class='ocrx_word' id='word_1_129' title='bbox 1133 3135 1288 3214; x_wconf 91' lang='lat' dir='ltr'>primum,</span> 
     </span>
     <span class='ocr_line' id='line_1_19' title="bbox 204 3249 1290 3329; baseline 0 -19"><span class='ocrx_word' id='word_1_130' title='bbox 204 3250 339 3328; x_wconf 86' lang='lat' dir='ltr'>exempli</span> <span class='ocrx_word' id='word_1_131' title='bbox 363 3250 477 3328; x_wconf 83' lang='lat' dir='ltr'>gratia,</span> <span class='ocrx_word' id='word_1_132' title='bbox 499 3249 616 3310; x_wconf 89' lang='lat' dir='ltr'>deinde</span> <span class='ocrx_word' id='word_1_133' title='bbox 639 3250 726 3312; x_wconf 90' lang='lat' dir='ltr'>aliud</span> <span class='ocrx_word' id='word_1_134' title='bbox 749 3250 868 3329; x_wconf 88' lang='lat' dir='ltr'>aliquid</span> <span class='ocrx_word' id='word_1_135' title='bbox 889 3250 1091 3312; x_wconf 89' lang='lat' dir='ltr'>invenietur:</span> <span class='ocrx_word' id='word_1_136' title='bbox 1112 3251 1197 3328; x_wconf 88' lang='lat' dir='ltr'>quod</span> <span class='ocrx_word' id='word_1_137' title='bbox 1222 3250 1290 3311; x_wconf 86' lang='lat' dir='ltr'>fieri</span> 
     </span>
    </p>
   </div>
   <div class='ocr_carea' id='block_1_6' title="bbox 204 3435 1293 4301">
    <p class='ocr_par' dir='ltr' id='par_1_7' title="bbox 204 3435 1292 3944">
     <span class='ocr_line' id='line_1_20' title="bbox 236 3435 1287 3500; baseline 0.004 -18"><span class='ocrx_word' id='word_1_138' title='bbox 236 3435 269 3498; x_wconf 74' lang='grc'>(1)</span> <span class='ocrx_word' id='word_1_139' title='bbox 283 3435 365 3498; x_wconf 78' lang='lat' dir='ltr'>Phys.</span> <span class='ocrx_word' id='word_1_140' title='bbox 379 3437 422 3496; x_wconf 90' lang='lat' dir='ltr'>lv,</span> <span class='ocrx_word' id='word_1_141' title='bbox 436 3440 491 3494; x_wconf 87' lang='grc'>208,</span> <span class='ocrx_word' id='word_1_142' title='bbox 505 3448 527 3494; x_wconf 78' lang='lat' dir='ltr'>a,</span> <span class='ocrx_word' id='word_1_143' title='bbox 542 3439 572 3485; x_wconf 84' lang='grc'>29</span> <span class='ocrx_word' id='word_1_144' title='bbox 585 3452 590 3484; x_wconf 94' lang='lat'>:</span> <span class='ocrx_word' id='word_1_145' title='bbox 604 3436 678 3485; x_wconf 82' lang='grc' dir='ltr'>τότε</span> <span class='ocrx_word' id='word_1_146' title='bbox 697 3435 742 3500; x_wconf 85' lang='grc' dir='ltr'>γὰρ</span> <span class='ocrx_word' id='word_1_147' title='bbox 753 3436 812 3486; x_wconf 85' lang='grc' dir='ltr'>ὄντα</span> <span class='ocrx_word' id='word_1_148' title='bbox 825 3436 912 3492; x_wconf 80' lang='grc' dir='ltr'>πάντες</span> <span class='ocrx_word' id='word_1_149' title='bbox 921 3435 1191 3500; x_wconf 75' lang='grc' dir='ltr'>ὑπολαμόάνονσιεῖναί</span> <span class='ocrx_word' id='word_1_150' title='bbox 1202 3453 1287 3499; x_wconf 84' lang='grc' dir='ltr'>πον,...</span> 
     </span>
     <span class='ocr_line' id='line_1_21' title="bbox 204 3523 1291 3590; baseline 0.001 -16"><span class='ocrx_word' id='word_1_151' title='bbox 204 3525 297 3582; x_wconf 82' lang='grc' dir='ltr'>καὶτῆς</span> <span class='ocrx_word' id='word_1_152' title='bbox 308 3524 427 3582; x_wconf 85' lang='grc' dir='ltr'>κινήσεως</span> <span class='ocrx_word' id='word_1_153' title='bbox 439 3528 454 3583; x_wconf 87' lang='grc' dir='ltr'>ἡ</span> <span class='ocrx_word' id='word_1_154' title='bbox 469 3527 538 3584; x_wconf 81' lang='grc' dir='ltr'>κοινὴ</span> <span class='ocrx_word' id='word_1_155' title='bbox 552 3523 660 3586; x_wconf 78' lang='grc' dir='ltr'>μάλιστα</span> <span class='ocrx_word' id='word_1_156' title='bbox 672 3527 712 3574; x_wconf 83' lang='grc' dir='ltr'>καὶ</span> <span class='ocrx_word' id='word_1_157' title='bbox 723 3527 861 3589; x_wconf 80' lang='grc' dir='ltr'><strong>κυριωτάτη</strong></span> <span class='ocrx_word' id='word_1_158' title='bbox 877 3526 941 3574; x_wconf 83' lang='grc' dir='ltr'>κατὰ</span> <span class='ocrx_word' id='word_1_159' title='bbox 955 3525 1030 3576; x_wconf 80' lang='grc' dir='ltr'>τόπον</span> <span class='ocrx_word' id='word_1_160' title='bbox 1044 3525 1117 3587; x_wconf 82' lang='grc' dir='ltr'>ἐστίν,</span> <span class='ocrx_word' id='word_1_161' title='bbox 1131 3527 1159 3584; x_wconf 82' lang='grc' dir='ltr'>ἣν</span> <span class='ocrx_word' id='word_1_162' title='bbox 1172 3529 1291 3590; x_wconf 75' lang='grc' dir='ltr'>καλοῦμεν</span> 
     </span>
     <span class='ocr_line' id='line_1_22' title="bbox 205 3612 1292 3680; baseline 0.003 -18"><span class='ocrx_word' id='word_1_163' title='bbox 205 3613 291 3678; x_wconf 83' lang='grc' dir='ltr'>φοράν.</span> <span class='ocrx_word' id='word_1_164' title='bbox 307 3639 337 3648; x_wconf 89' lang='grc'>-</span> <span class='ocrx_word' id='word_1_165' title='bbox 350 3612 388 3662; x_wconf 77' lang='lat' dir='ltr'>CI·</span> <span class='ocrx_word' id='word_1_166' title='bbox 401 3612 485 3676; x_wconf 70' lang='lat' dir='ltr'>Phys.</span> <span class='ocrx_word' id='word_1_167' title='bbox 501 3614 573 3672; x_wconf 85' lang='lat' dir='ltr'>VIII,</span> <span class='ocrx_word' id='word_1_168' title='bbox 591 3619 649 3673; x_wconf 84' lang='lat'><strong>260,</strong></span> <span class='ocrx_word' id='word_1_169' title='bbox 666 3628 692 3672; x_wconf 88' lang='lat' dir='ltr'>a,</span> <span class='ocrx_word' id='word_1_170' title='bbox 709 3619 738 3664; x_wconf 79' lang='lat'>25</span> <span class='ocrx_word' id='word_1_171' title='bbox 753 3632 758 3664; x_wconf 91' lang='lat'>:</span> <span class='ocrx_word' id='word_1_172' title='bbox 777 3619 851 3680; x_wconf 83' lang='grc' dir='ltr'>τριῶν</span> <span class='ocrx_word' id='word_1_173' title='bbox 865 3615 970 3666; x_wconf 80' lang='grc' dir='ltr'>δὀόσῶν</span> <span class='ocrx_word' id='word_1_174' title='bbox 980 3616 1113 3675; x_wconf 81' lang='grc' dir='ltr'>κινήσεων,</span> <span class='ocrx_word' id='word_1_175' title='bbox 1128 3622 1170 3676; x_wconf 82' lang='grc' dir='ltr'>τῆς</span> <span class='ocrx_word' id='word_1_176' title='bbox 1185 3632 1212 3664; x_wconf 89' lang='grc' dir='ltr'>τε</span> <span class='ocrx_word' id='word_1_177' title='bbox 1226 3616 1292 3665; x_wconf 87' lang='grc' dir='ltr'>κατὰ</span> 
     </span>
     <span class='ocr_line' id='line_1_23' title="bbox 205 3701 1291 3768; baseline 0.004 -18"><span class='ocrx_word' id='word_1_178' title='bbox 205 3703 303 3764; x_wconf 83' lang='grc' dir='ltr'>μέγεθος</span> <span class='ocrx_word' id='word_1_179' title='bbox 317 3703 360 3751; x_wconf 85' lang='grc' dir='ltr'>καὶ</span> <span class='ocrx_word' id='word_1_180' title='bbox 377 3707 418 3761; x_wconf 82' lang='grc' dir='ltr'>τῆς</span> <span class='ocrx_word' id='word_1_181' title='bbox 432 3701 500 3750; x_wconf 78' lang='grc' dir='ltr'>κατὰ</span> <span class='ocrx_word' id='word_1_182' title='bbox 517 3701 594 3758; x_wconf 75' lang='grc' dir='ltr'>πάθος</span> <span class='ocrx_word' id='word_1_183' title='bbox 612 3703 653 3752; x_wconf 79' lang='grc' dir='ltr'>καὶ</span> <span class='ocrx_word' id='word_1_184' title='bbox 670 3710 713 3763; x_wconf 80' lang='grc' dir='ltr'>τῆς</span> <span class='ocrx_word' id='word_1_185' title='bbox 729 3705 796 3752; x_wconf 78' lang='grc' dir='ltr'>κατὰ</span> <span class='ocrx_word' id='word_1_186' title='bbox 814 3704 904 3765; x_wconf 83' lang='grc' dir='ltr'>τόπον,</span> <span class='ocrx_word' id='word_1_187' title='bbox 921 3706 952 3763; x_wconf 83' lang='grc' dir='ltr'>ἢν</span> <span class='ocrx_word' id='word_1_188' title='bbox 964 3706 1084 3767; x_wconf 68' lang='grc' dir='ltr'>καλοῦμεν</span> <span class='ocrx_word' id='word_1_189' title='bbox 1100 3705 1189 3768; x_wconf 77' lang='grc' dir='ltr'>φοράν,</span> <span class='ocrx_word' id='word_1_190' title='bbox 1200 3705 1291 3763; x_wconf 80' lang='grc' dir='ltr'>ταύτην</span> 
     </span>
     <span class='ocr_line' id='line_1_24' title="bbox 206 3790 1291 3856; baseline 0.004 -18"><span class='ocrx_word' id='word_1_191' title='bbox 206 3790 341 3853; x_wconf 72' lang='grc' dir='ltr'>ἀναγκαῖον</span> <span class='ocrx_word' id='word_1_192' title='bbox 357 3791 420 3840; x_wconf 86' lang='grc' dir='ltr'>εἶναι</span> <span class='ocrx_word' id='word_1_193' title='bbox 432 3791 538 3854; x_wconf 78' lang='grc' dir='ltr'>πρώτην.</span> <span class='ocrx_word' id='word_1_194' title='bbox 553 3818 584 3825; x_wconf 93' lang='grc'>-</span> <span class='ocrx_word' id='word_1_195' title='bbox 599 3791 680 3852; x_wconf 70' lang='lat' dir='ltr'>Plus.</span> <span class='ocrx_word' id='word_1_196' title='bbox 696 3793 768 3851; x_wconf 90' lang='lat' dir='ltr'>VIII,</span> <span class='ocrx_word' id='word_1_197' title='bbox 783 3796 837 3851; x_wconf 89' lang='grc'>261,</span> <span class='ocrx_word' id='word_1_198' title='bbox 852 3806 875 3852; x_wconf 80' lang='lat' dir='ltr'>a,</span> <span class='ocrx_word' id='word_1_199' title='bbox 893 3796 922 3841; x_wconf 85' lang='lat'>27</span> <span class='ocrx_word' id='word_1_200' title='bbox 939 3793 995 3841; x_wconf 77' lang='lat' dir='ltr'>:dtr</span> <span class='ocrx_word' id='word_1_201' title='bbox 1012 3793 1055 3856; x_wconf 80' lang='grc' dir='ltr'>μὲν</span> <span class='ocrx_word' id='word_1_202' title='bbox 1068 3792 1150 3842; x_wconf 88' lang='grc' dir='ltr'>τοίνυν</span> <span class='ocrx_word' id='word_1_203' title='bbox 1163 3794 1212 3842; x_wconf 85' lang='grc' dir='ltr'>τῶν</span> <span class='ocrx_word' id='word_1_204' title='bbox 1224 3794 1291 3852; x_wconf 83' lang='grc' dir='ltr'>κινή-</span> 
     </span>
     <span class='ocr_line' id='line_1_25' title="bbox 209 3879 776 3944; baseline 0.004 -16"><span class='ocrx_word' id='word_1_205' title='bbox 209 3895 272 3928; x_wconf 90' lang='grc' dir='ltr'>σεων</span> <span class='ocrx_word' id='word_1_206' title='bbox 288 3882 303 3937; x_wconf 87' lang='grc' dir='ltr'>ἡ</span> <span class='ocrx_word' id='word_1_207' title='bbox 319 3879 381 3944; x_wconf 78' lang='grc' dir='ltr'>φορὰ</span> <span class='ocrx_word' id='word_1_208' title='bbox 397 3881 496 3940; x_wconf 80' lang='grc' dir='ltr'>πρώτη,</span> <span class='ocrx_word' id='word_1_209' title='bbox 512 3881 615 3943; x_wconf 79' lang='grc' dir='ltr'>φανερὸν</span> <span class='ocrx_word' id='word_1_210' title='bbox 632 3881 659 3929; x_wconf 78' lang='grc' dir='ltr'>ἐκ</span> <span class='ocrx_word' id='word_1_211' title='bbox 674 3881 776 3930; x_wconf 79' lang='grc' dir='ltr'>τούτων.</span> 
     </span>
    </p>

    <p class='ocr_par' dir='ltr' id='par_1_8' title="bbox 207 3965 1293 4301">
     <span class='ocr_line' id='line_1_26' title="bbox 239 3965 1292 4033; baseline 0.003 -17"><span class='ocrx_word' id='word_1_212' title='bbox 239 3967 272 4031; x_wconf 80' lang='grc'>(2)</span> <span class='ocrx_word' id='word_1_213' title='bbox 287 3965 367 4031; x_wconf 74' lang='lat' dir='ltr'>Phys.</span> <span class='ocrx_word' id='word_1_214' title='bbox 386 3968 434 4026; x_wconf 90' lang='lat' dir='ltr'>lv,</span> <span class='ocrx_word' id='word_1_215' title='bbox 451 3973 505 4026; x_wconf 82' lang='grc'>208,</span> <span class='ocrx_word' id='word_1_216' title='bbox 520 3967 546 4028; x_wconf 83' lang='lat' dir='ltr'>b,</span> <span class='ocrx_word' id='word_1_217' title='bbox 564 3974 574 4018; x_wconf 92' lang='lat'>1</span> <span class='ocrx_word' id='word_1_218' title='bbox 592 3986 596 4018; x_wconf 96' lang='lat'><strong>:</strong></span> <span class='ocrx_word' id='word_1_219' title='bbox 611 3969 647 4018; x_wconf 84' lang='grc' dir='ltr'>ὅτι</span> <span class='ocrx_word' id='word_1_220' title='bbox 664 3969 706 4033; x_wconf 82' lang='grc' dir='ltr'>μὲν</span> <span class='ocrx_word' id='word_1_221' title='bbox 722 3969 763 4018; x_wconf 82' lang='grc' dir='ltr'>οὖν</span> <span class='ocrx_word' id='word_1_222' title='bbox 780 3970 832 4020; x_wconf 80' lang='grc' dir='ltr'>ἔστι</span> <span class='ocrx_word' id='word_1_223' title='bbox 848 3988 872 4020; x_wconf 91' lang='grc' dir='ltr'>τι</span> <span class='ocrx_word' id='word_1_224' title='bbox 889 3969 1002 4031; x_wconf 82' lang='grc' dir='ltr'>ότόπος,</span> <span class='ocrx_word' id='word_1_225' title='bbox 1015 3971 1084 4020; x_wconf 85' lang='grc' dir='ltr'>δοκεῖ</span> <span class='ocrx_word' id='word_1_226' title='bbox 1100 3971 1171 4029; x_wconf 81' lang='grc' dir='ltr'>δῆλον</span> <span class='ocrx_word' id='word_1_227' title='bbox 1186 3971 1247 4019; x_wconf 84' lang='grc' dir='ltr'>εἶναι</span> <span class='ocrx_word' id='word_1_228' title='bbox 1265 3971 1292 4019; x_wconf 81' lang='grc' dir='ltr'>ἐκ</span> 
     </span>
     <span class='ocr_line' id='line_1_27' title="bbox 211 4055 1292 4125; baseline 0.004 -22"><span class='ocrx_word' id='word_1_229' title='bbox 211 4061 253 4116; x_wconf 81' lang='grc' dir='ltr'>τῆς</span> <span class='ocrx_word' id='word_1_230' title='bbox 266 4055 501 4119; x_wconf 75' lang='grc' dir='ltr'>ἀντιμεταστάσεως·</span> <span class='ocrx_word' id='word_1_231' title='bbox 517 4057 577 4106; x_wconf 84' lang='grc' dir='ltr'>όπον</span> <span class='ocrx_word' id='word_1_232' title='bbox 590 4057 637 4122; x_wconf 85' lang='grc' dir='ltr'>γάρ</span> <span class='ocrx_word' id='word_1_233' title='bbox 654 4057 704 4107; x_wconf 79' lang='grc' dir='ltr'>ἔστι</span> <span class='ocrx_word' id='word_1_234' title='bbox 714 4063 755 4107; x_wconf 82' lang='grc' dir='ltr'>νῦν</span> <span class='ocrx_word' id='word_1_235' title='bbox 766 4061 845 4125; x_wconf 77' lang='grc' dir='ltr'>ὕδωρ,</span> <span class='ocrx_word' id='word_1_236' title='bbox 857 4059 960 4109; x_wconf 82' lang='grc' dir='ltr'>ἐνταῦθα</span> <span class='ocrx_word' id='word_1_237' title='bbox 973 4058 1103 4116; x_wconf 73' lang='grc' dir='ltr'>ἐξελθόντος</span> <span class='ocrx_word' id='word_1_238' title='bbox 1116 4061 1199 4122; x_wconf 85' lang='grc' dir='ltr'>ὤσπερ</span> <span class='ocrx_word' id='word_1_239' title='bbox 1211 4059 1235 4115; x_wconf 79' lang='grc' dir='ltr'>ἐξ</span> <span class='ocrx_word' id='word_1_240' title='bbox 1248 4059 1292 4122; x_wconf 86' lang='grc' dir='ltr'>ἀγ·</span> 
     </span>
     <span class='ocr_line' id='line_1_28' title="bbox 208 4144 1293 4210; baseline 0.003 -17"><span class='ocrx_word' id='word_1_241' title='bbox 208 4144 276 4206; x_wconf 83' lang='grc' dir='ltr'>γείον</span> <span class='ocrx_word' id='word_1_242' title='bbox 291 4145 362 4195; x_wconf 79' lang='grc' dir='ltr'>πάλιν</span> <span class='ocrx_word' id='word_1_243' title='bbox 378 4145 425 4210; x_wconf 77' lang='grc' dir='ltr'>ἀὴρ</span> <span class='ocrx_word' id='word_1_244' title='bbox 444 4146 496 4194; x_wconf 81' lang='grc' dir='ltr'>ἐκεῖ</span> <span class='ocrx_word' id='word_1_245' title='bbox 509 4145 609 4195; x_wconf 74' lang='grc' dir='ltr'>ἔνεστιν·</span> <span class='ocrx_word' id='word_1_246' title='bbox 626 4147 666 4196; x_wconf 88' lang='grc' dir='ltr'>ότε</span> <span class='ocrx_word' id='word_1_247' title='bbox 679 4147 705 4196; x_wconf 79' lang='grc' dir='ltr'>δὲ</span> <span class='ocrx_word' id='word_1_248' title='bbox 716 4148 756 4196; x_wconf 85' lang='grc' dir='ltr'>τόν</span> <span class='ocrx_word' id='word_1_249' title='bbox 769 4149 841 4198; x_wconf 83' lang='grc' dir='ltr'>αὐτὸν</span> <span class='ocrx_word' id='word_1_250' title='bbox 853 4147 926 4197; x_wconf 85' lang='grc' dir='ltr'>τόπον</span> <span class='ocrx_word' id='word_1_251' title='bbox 937 4153 1024 4198; x_wconf 84' lang='grc' dir='ltr'>τοῦτον</span> <span class='ocrx_word' id='word_1_252' title='bbox 1036 4149 1092 4197; x_wconf 83' lang='grc' dir='ltr'>ἄλλο</span> <span class='ocrx_word' id='word_1_253' title='bbox 1106 4163 1129 4196; x_wconf 91' lang='grc' dir='ltr'>τι</span> <span class='ocrx_word' id='word_1_254' title='bbox 1142 4148 1193 4196; x_wconf 83' lang='grc' dir='ltr'>τῶν</span> <span class='ocrx_word' id='word_1_255' title='bbox 1207 4147 1293 4210; x_wconf 87' lang='grc' dir='ltr'>σωμά-</span> 
     </span>
     <span class='ocr_line' id='line_1_29' title="bbox 207 4234 1293 4301; baseline 0.001 -19"><span class='ocrx_word' id='word_1_256' title='bbox 207 4248 258 4282; x_wconf 86' lang='grc' dir='ltr'>των</span> <span class='ocrx_word' id='word_1_257' title='bbox 276 4234 390 4299; x_wconf 84' lang='grc' dir='ltr'>κατέχει,</span> <span class='ocrx_word' id='word_1_258' title='bbox 402 4239 475 4284; x_wconf 77' lang='grc' dir='ltr'>τοῦτο</span> <span class='ocrx_word' id='word_1_259' title='bbox 491 4236 519 4294; x_wconf 84' lang='grc' dir='ltr'>δὴ</span> <span class='ocrx_word' id='word_1_260' title='bbox 531 4240 579 4284; x_wconf 90' lang='grc' dir='ltr'>τῶν</span> <span class='ocrx_word' id='word_1_261' title='bbox 593 4236 752 4300; x_wconf 80' lang='grc' dir='ltr'>ἐγγινομὲνων</span> <span class='ocrx_word' id='word_1_262' title='bbox 764 4238 806 4286; x_wconf 83' lang='grc' dir='ltr'>καὶ</span> <span class='ocrx_word' id='word_1_263' title='bbox 819 4237 1017 4301; x_wconf 76' lang='grc' dir='ltr'>μεταόαλλόντων</span> <span class='ocrx_word' id='word_1_264' title='bbox 1028 4237 1109 4300; x_wconf 77' lang='grc' dir='ltr'>ἕτερον</span> <span class='ocrx_word' id='word_1_265' title='bbox 1121 4237 1218 4286; x_wconf 85' lang='grc' dir='ltr'>πάντων</span> <span class='ocrx_word' id='word_1_266' title='bbox 1232 4236 1293 4287; x_wconf 85' lang='grc' dir='ltr'>εἶναι</span> 
     </span>
    </p>
   </div>
   <div class='ocr_carea' id='block_1_7' title="bbox 0 0 1594 5054">
    <p class='ocr_par' dir='ltr' id='par_1_9' title="bbox 0 0 1594 5054">
     <span class='ocr_line' id='line_1_30' title="bbox 0 0 1594 5054; baseline 0 0"><span class='ocrx_word' id='word_1_267' title='bbox 0 0 1594 5054; x_wconf 95' lang='lat' dir='ltr'> </span> 
     </span>
    </p>
   </div>
  </div>
 </body>
</html>
