3160 5054
581 503 624 551 DE
641 502 727 551 Loco
745 503 907 552 SENSERIT.
1256 496 1292 554 55‘

204 645 402 706 inveniendae
427 645 490 705 sint
513 645 650 705 rationes
671 649 801 723 propter
820 662 896 724 quas
927 649 1064 723 nequeat
1092 646 1231 707 mundus
1253 647 1285 707 in

204 760 362 820 infinitum
387 760 551 838 progredi,
578 778 629 821 eas
655 778 875 841 excerpimus
903 761 1017 840 quihus
1043 762 1225 823 Aristotelio
1247 763 1285 824 de

203 877 273 936 loeo
286 875 428 936 doctrina
441 875 543 953 possit
557 875 723 936 illustrari.

242 991 349 1051 Prirno
371 991 478 1070 igitur,
498 997 720 1070 argumentum
738 991 799 1053 hoo
822 992 918 1054 etiarn
936 997 1030 1071 atque
1053 993 1149 1054 etiam
1168 995 1286 1072 premit

203 1107 387 1168 Aristoteles
408 1125 415 1166 :
436 1107 469 1166 in
490 1107 621 1181 mundo,
643 1107 669 1167 si
685 1107 827 1168 infinitus
845 1111 938 1180 esset,
961 1125 1023 1168 non
1047 1109 1190 1186 potuisse
1210 1127 1286 1187 pro-

203 1223 308 1301 prium
319 1223 474 1283 elemento
485 1222 597 1300 cuique
608 1222 712 1284 locum
721 1215 1147 1302 naturaessignarissSoripsit
1158 1224 1243 1284 enim
1254 1225 1286 1283 in

203 1339 306 1417 primo
315 1339 403 1398 iihro
415 1341 459 1398 De
475 1338 557 1398 GaeIo
571 1357 577 1398 :
592 1338 651 1398 «Si
665 1339 852 1417 gravitatem
868 1338 1035 1400 habuerint
1048 1339 1098 1398 vel
1113 1339 1283 1414 levitatem,

205 1454 297 1514 «erit
316 1457 369 1514 aut
389 1454 536 1514 ultimum
555 1454 675 1532 aliquid
695 1453 852 1526 universi,
868 1457 921 1514 out
934 1454 1076 1515 medium
1096 1454 1201 1532 :quod
1216 1472 1285 1516 esse

205 1593 218 1622 «
236 1570 357 1648 nequit,
371 1569 397 1628 si
408 1569 570 1630 infinitum
583 1570 624 1630 sit
638 1569 829 1630 universum.
842 1571 901 1631 Ubi
912 1570 1056 1632 medium
1071 1570 1152 1630 nihil
1168 1573 1216 1631 est
1228 1589 1284 1632 ne-

204 1708 219 1738 «
236 1702 296 1762 que
307 1685 465 1756 ultimum,
480 1685 534 1745 ubi
545 1689 665 1745 nonest
680 1685 739 1746 hoo
749 1703 853 1763 snpra,
866 1685 944 1745 illud
956 1685 1047 1760 inira,
1063 1685 1107 1745 ihi
1123 1685 1227 1747 nullus
1238 1690 1286 1747 est

204 1823 219 1854 «
235 1801 418 1878 corporibus
441 1801 593 1861 motionis
609 1801 707 1860 locus
732 1800 861 1861 Sublato
878 1803 987 1862 autem
1003 1801 1086 1875 loeo,
1108 1802 1285 1862 1110110101-

204 1913 319 1975 «111111.
341 1915 473 1974 Necesse
496 1919 542 1974 est
564 1914 649 1974 enim
671 1919 726 1977 aut
746 1915 920 1976 seeundum
941 1919 1086 1976 naturam
1106 1920 1160 1976 aut
1178 1920 1285 1977 contre

204 2049 218 2081 «
236 2031 378 2088 naturam
388 2033 574 2089 moveantur
587 2047 594 2089 :
606 2029 735 2090 definita
747 2034 853 2090 autern
865 2029 933 2090 hene
950 2035 1022 2092 sunt
1032 2031 1153 2110 proprii
1171 2031 1283 2091 alieni-

204 2165 219 2196 «
237 2161 296 2221 que
309 2144 369 2204 loci
387 2144 564 2206 differentia
586 2143 638 2203 ⁴.»
659 2179 699 2188 -—
711 2148 776 2205 Hoc
792 2145 878 2206 idem
896 2146 1030 2224 repetit,
1054 2150 1085 2206 et
1104 2147 1281 2224 angustius

202 2254 234 2314 in
254 2255 392 2315 secundo
409 2255 490 2316 libro
509 2259 553 2316 De
573 2257 655 2316 Gaeio
669 2255 703 2316 ²:
731 2281 745 2310 «
768 2259 875 2334 Neque
895 2273 1144 2335 superusneqne
1164 2256 1284 2317 inferus

204 2391 218 2422 «
235 2369 321 2431 locus
342 2371 375 2430 in
397 2371 521 2432 infinito
548 2371 668 2434 mundo
697 2389 765 2432 esse
793 2373 911 2450 poterit
935 2391 941 2432 :
965 2376 1037 2433 sunt
1062 2376 1168 2432 antem
1191 2389 1284 2448 grave

204 2507 219 2540 ιι
236 2488 331 2562 atque
344 2486 413 2546 leve
428 2487 485 2547 heo
500 2486 680 2547 differentia
694 2487 825 2547 definite
841 2511 869 2545 >›.
890 2522 929 2530 -
944 2487 1068 2558 Quaeret
1085 2487 1210 2564 aliquis
1228 2505 1285 2548 our

204 2601 271 2660 fieri
282 2619 345 2660 non
364 2602 465 2680 possit
482 2607 517 2663 nt
534 2602 703 2662 ascendent
723 2603 755 2662 in
769 2603 928 2664 infinitum
949 2621 985 2663 ea
1001 2621 1072 2680 quae
1091 2602 1285 2663 ascendunt?
1352 2653 1355 2659 .

203 2717 453 2794 Responsionem
466 2718 499 2777 in
512 2718 615 2796 prirno
635 2718 690 2778 iiio
705 2718 787 2778 libro
802 2718 956 2778 habemus
974 2736 981 2777 :
1003 2740 1018 2773 «
1034 2717 1204 2778 Contrariis
1218 2735 1285 2778 mo-

204 2855 218 2885 «
234 2832 319 2892 tibus
336 2849 408 2893 curn
426 2834 582 2894 contraria
597 2833 665 2894 loca
681 2836 840 2912 petantur,
861 2833 886 2892 si
903 2851 1001 2895 unuin
1018 2851 1034 2892 e
1050 2832 1214 2893 contrariis
1230 2833 1284 2893 de·
1378 2864 1380 2867 ·

204 2947 378 3021 «finietur,
409 2950 469 3008 erit
495 2966 621 3027 quoque
653 2947 819 3009 definitum
845 2949 994 3009 ¹alterum.
1032 2948 1171 3010 Medium
1208 2965 1283 3008 vero

204 3083 219 3116 «
235 3062 401 3123 definitum
416 3069 463 3124 est
482 3082 576 3124 :narn
593 3065 620 3124 si
635 3063 768 3125 undevis
786 3064 933 3124 deorsum
950 3064 1068 3124 seratur
1080 3064 1112 3123 id
1130 3063 1216 3141 quod
1236 3067 1283 3124 est

234 3320 266 3382 (i)
281 3323 316 3370 Do
333 3322 411 3380 Ocelo,
428 3323 517 3384 1111,
534 3335 556 3384 a,
572 3326 587 3370 6
604 3340 609 3370 ;
626 3325 657 3371 ἔτι
673 3324 694 3371 εἰ
709 3321 784 3386 βάρος
797 3321 850 3385 ἔχει
866 3324 881 3380 ἢ
899 3324 1045 3384 κουφότητα,
1067 3320 1163 3380 ἔσταιῆ
1177 3320 1282 3382 ἔσχατόν

202 3427 226 3458 τι
237 3415 280 3460 τοῦ
294 3412 384 3467 παντὸς
398 3413 412 3470 ἦ
429 3412 510 3474 μέσον.
524 3413 603 3459 Τοῦτο
618 3410 765 3460 δ’ἀδύνοιτον
776 3410 876 3471 ἀπείρου
890 3409 992 3470 γ’ὄντος.
1005 3408 1128 3468 ’0)1ωςτε,
1144 3409 1171 3458 οὺ
1184 3410 1216 3472 μή
1231 3410 1283 3458 ἐστι

203 3499 277 3561 μέσον
294 3499 464 3565 μηδ’ἔσχατον,
481 3501 541 3561 μηδὲ
554 3500 582 3548 τὸ
600 3501 642 3561 μὲν
657 3501 708 3548 ἀνω
723 3500 790 3548 τὸδὲ
807 3501 886 3558 κάτω,
903 3503 976 3554 τόπος
994 3499 1071 3554 οὐθεὶς
1085 3498 1155 3546 ἔσται
1169 3503 1221 3554 τοῖς
1235 3500 1284 3548 σώ-

203 3605 263 3650 μασι
277 3596 318 3648 τῆς
333 3593 414 3654 ροράς.
433 3584 525 3638 Τούτου
540 3591 566 3638 δὲ
587 3591 618 3651 μὴ
634 3589 703 3645 ὄντος
725 3589 816 3647 κίνησις
832 3588 876 3637 οὐκ
891 3589 968 3637 ἔσται·
988 3587 1082 3646 ἀνάγκη
1101 3588 1146 3649 γὰρ
1165 3590 1283 3636 κινεῖσθαι

202 3679 256 3735 ἦτοι
272 3678 336 3726 κατὰ
350 3679 419 3742 φύσιν
430 3681 445 3738 ἢ
457 3679 525 3744 παρὰ
544 3678 622 3741 φύσιν,
637 3683 712 3728 ταῦτα
728 3677 856 3738 δ’ὥριστοιι
873 3682 924 3732 τοῖς
940 3679 1023 3732 τόποις
1037 3681 1088 3731 τοῖς
1102 3674 1227 3732 τὀἰτείοις
1241 3677 1281 3725 καὶ

202 3770 250 3821 τοῖς
268 3765 409 3831 ἀλλοτρίοις.
428 3766 467 3816 Gt.
490 3767 613 3829 Μοίιιρά.
636 3769 669 3825 Χ,
690 3781 729 3824 xi,
753 3770 781 3814 14
797 3769 834 3825 :it
854 3771 905 3820 πῶς
924 3771 967 3814 τοῡ
986 3763 1085 3826 ἀπείρου
1105 3765 1172 3812 ἔσται
1193 3766 1220 3812 τὸ
1239 3766 1282 3827 μὲν

202 3854 273 3904 κάτω
287 3857 314 3903 τὸ
326 3855 413 3914 δ’ἀνω,
428 3859 443 3915 ἢ
457 3857 559 3920 ἔσχατον
574 3857 614 3904 καὶ
628 3858 746 3918 μέσον;...
763 3857 847 3904 Τόπον
863 3855 888 3902 δὲ
907 3853 957 3911 εἴδη
978 3853 1016 3912 ἐ’ξ,
1037 3852 1156 3902 ἀδύνατον
1176 3852 1227 3902 δ’ἑν
1246 3855 1282 3917 τῷ

204 3944 295 4008 ἀπείρῳ
308 3945 402 4006 σώματι
416 3944 489 3993 ταῦτ’
501 3946 571 3993 εἶναι.

235 4033 267 4095 (2)
287 4035 321 4081 De
337 4034 416 4092 coto,
432 4035 462 4095 ΙΙ,
478 4038 532 4089 295,
546 4033 575 4095 b,
591 4035 605 4080 8
622 4050 627 4081 ι
644 4032 743 4096 ἀπείρου
760 4033 806 4098 γὰρ
820 4033 886 4086 ὄντος
902 4031 1020 4080 ἀδύνατον
1036 4031 1096 4079 εἶναι
1111 4031 1161 4079 ἀνω
1175 4033 1190 4090 ἢ
1206 4031 1283 4092 κάτω,

204 4121 328 4184 διώρισται
343 4122 368 4170 δὲ
381 4121 472 4179 τούτοις
485 4123 513 4172 τὸ
526 4121 586 4186 βαρὺ
601 4127 642 4170 καὶ
658 4125 685 4171 τὸ
700 4126 800 4185 κοῦρον.
814 4117 895 4170 -01,
911 4121 949 4168 De
965 4115 1044 4179 01110,
1059 4121 1082 4178 i,
1100 4121 1112 4166 7
1130 4119 1194 4182 (274,
1212 4117 1240 4182 Ι),
1255 4124 1283 4180 73

205 4212 264 4268 275,
278 4207 308 4271 b,
324 4213 353 4258 29
368 4211 444 4274 sqqi.
