3160 5054
280 499 310 548 il
666 497 746 553 QUID
763 497 980 546 ARISTOTELES

277 640 408 700 materia
428 643 489 710 est,
509 656 613 716 neque
633 639 748 710 forma,
770 655 871 716 neque
894 639 1094 700 intervallum
1108 655 1245 699 vacuum
1260 638 1360 716 quod,

279 755 401 816 sublato
416 771 557 832 corpore,
569 753 735 814 videbatur
749 771 922 814 remanere.
935 756 1057 824 Restat,
1072 758 1106 816 ut
1118 754 1259 832 corporis
1274 754 1362 814 locus

279 870 357 931 illud
375 871 415 930 sit
433 888 496 948 quo
516 886 629 948 corpus
648 869 796 948 cingitur,
814 886 920 930 aerem
935 869 1021 940 dioc,
1039 869 1176 948 exempli
1195 869 1310 946 gratia,
1336 869 1363 928 si

278 1019 375 1070 minem
395 1032 449 1068 esse
467 1019 554 1068 album
573 1021 619 1068 aut
637 1018 749 1068 doctum.
766 1017 862 1068 Albedo
884 1017 966 1077 enim,
983 1017 1092 1081 exempli
1106 1018 1200 1081 gratia,
1218 1033 1269 1068 non
1284 1021 1322 1068 est
1337 1018 1363 1068 in

279 1109 395 1167 homine,
412 1107 497 1158 sedin
512 1121 617 1171 corpore
633 1107 757 1166 hominis,
773 1106 853 1156 immo
867 1121 898 1156 ne
911 1107 937 1155 in
952 1120 1059 1170 corpore
1071 1107 1177 1170 quidem
1191 1109 1260 1166 toto,
1277 1107 1364 1156 sedin

279 1197 410 1260 superficie
422 1196 535 1260 corporis
553 1196 589 1260 (in
606 1195 739 1258 superficie
753 1198 839 1245 autem
854 1195 967 1257 uoniam
980 1196 1046 1246 sicut
1063 1209 1122 1258 pars
1135 1194 1161 1244 in
1176 1198 1230 1245 toto
1245 1197 1363 1244 contine-

279 1291 331 1346 tur,
346 1287 407 1349 quia
417 1286 444 1334 vi
458 1289 484 1335 et
498 1288 591 1335 natura
600 1283 723 1356 differunt
735 1285 802 1334 inter
815 1298 844 1334 se
854 1284 912 1334 duae
926 1284 1030 1342 haema,
1047 1283 1195 1348 superficies
1210 1287 1236 1334 et
1252 1284 1362 1348 albedo).

279 1375 400 1433 Quandiu
414 1375 492 1438 igitur
507 1388 552 1424 vas
566 1378 593 1424 et
607 1373 696 1422 vinum
710 1372 851 1423 manebunt
863 1376 991 1436 separata,
1006 1373 1069 1422 nihil
1083 1372 1132 1422 erit
1146 1387 1192 1422 cur
1204 1386 1249 1422 vas
1264 1376 1309 1423 aut
1323 1373 1361 1421 vi-

279 1479 342 1514 num
356 1464 426 1514 dicas
444 1477 498 1514 esse
515 1467 609 1527 partes.
627 1466 714 1513 Partes
727 1462 802 1521 fient,
818 1462 840 1511 si
857 1475 902 1512 vas
921 1463 976 1512 vini
990 1461 1156 1512 hahuerimus
1172 1479 1177 1510 :
1196 1461 1266 1526 quod
1280 1462 1307 1510 in
1322 1475 1362 1511 se·

279 1554 387 1618 metipso
402 1555 452 1612 est¹
468 1553 534 1602 sicut
547 1551 638 1601 albedo
650 1555 688 1602 est
701 1551 728 1600 in
743 1551 856 1601 homine.
867 1577 899 1586 —
913 1553 975 1608 Quae
987 1554 1073 1600 autem
1087 1550 1236 1601 inductione
1254 1552 1364 1614 (ἐπακτι-

281 1643 338 1704 κῶς)
357 1641 517 1704 assequimur
532 1645 600 1700 (octo
619 1641 688 1690 onim
708 1639 859 1690 inclusionis
879 1653 973 1704 genera
993 1639 1053 1690 licet
1071 1653 1250 1701 recognoscas,
1266 1640 1364 1702 reperis

279 1729 352 1779 nullo
368 1729 445 1779 modo
460 1743 531 1793 posse
548 1744 602 1779 rem
617 1730 643 1778 in
662 1728 796 1792 semetipsa
813 1729 893 1792 esse),
906 1728 996 1778 eadem
1012 1728 1112 1778 ratione
1131 1729 1322 1780 consumamus.
1336 1729 1363 1779 Si

279 1819 347 1868 enim
360 1833 405 1882 per
418 1833 444 1868 se
459 1819 514 1882 (nec
528 1819 584 1881 jam
599 1831 642 1881 per
655 1822 740 1881 partes
756 1819 825 1880 suas)
840 1819 867 1866 ln
885 1817 1023 1880 semetipso
1037 1830 1083 1867 vas
1099 1816 1154 1867 vini
1166 1814 1258 1878 hrerit,
1275 1817 1318 1868 het
1335 1821 1365 1866 ut

280 1922 325 1957 vas
343 1907 376 1957 sit
390 1911 416 1957 et
429 1921 473 1956 vas
486 1911 512 1958 et
529 1907 631 1966 vinum,
648 1907 739 1956 vinum
755 1911 841 1956 autem
856 1909 881 1955 et
895 1907 984 1956 vinum
1001 1910 1027 1956 et
1041 1920 1095 1956 vas.
1113 1909 1146 1956 ht
1160 1918 1214 1956 non
1228 1907 1265 1956 ita
1279 1920 1305 1956 se
1323 1920 1365 1956 res

280 1997 370 2055 hahet,
385 2010 468 2060 neque
482 1996 604 2060 arnphora
623 1996 712 2060 recipit
729 1995 818 2045 vinum
830 1999 959 2060 qnatenus
973 1996 1030 2059 ipsa
1043 1999 1082 2046 est
1096 1996 1201 2055 vinum,
1215 1997 1260 2046 sed
1272 1999 1363 2060 quate-

280 2100 330 2135 nus
344 2085 408 2135 illud
421 2089 460 2135 est
470 2085 573 2145 vinum;
587 2099 633 2134 nec
646 2085 736 2134 vinum
748 2085 897 2134 continetur
911 2087 937 2134 in
952 2085 1075 2148 amphora
1088 2088 1216 2148 quatenus
1229 2085 1313 2148 ipsum
1325 2087 1365 2134 est
1416 2111 1419 2116 ·

280 2175 416 2238 amphora,
439 2175 485 2224 sed
503 2178 632 2238 quatenus
650 2173 695 2223 illa
714 2177 752 2224 est
771 2175 900 2237 amphora.
925 2177 1026 2237 ltaque,
1045 2173 1068 2223 si
1088 2173 1262 2224 definitionem
1283 2173 1365 2237 ipsam

280 2263 481 2313 consideraveris
493 2263 529 2327 (ad
543 2264 626 2326 εἶναι),
641 2263 752 2326 reperies
766 2262 842 2312 aliam
857 2277 912 2313 esse
929 2264 967 2312 rei
982 2261 1139 2312 continentis
1154 2263 1221 2323 vim,
1235 2262 1312 2312 aliam
1328 2254 1366 2312 rei

280 2364 339 2416 quae
354 2353 511 2402 continetur.
530 2352 711 2402 Detlnitionem
729 2355 815 2401 autem
835 2352 856 2401 si
876 2351 1076 2414 neglexerimus
1095 2352 1306 2415 consequentiam
1323 2354 1366 2400 ta-

281 2455 339 2491 men
356 2455 402 2490 seu
421 2441 537 2490 accidens
557 2441 594 2504 (τὸ
614 2441 775 2504 συμὸεὸηκός)
790 2440 1063 2500 animadverterimus‚
1081 2441 1172 2491 eodem
1191 2441 1365 2490 resolvemur.

280 2529 382 2580 Etenim
393 2529 415 2578 si
425 2530 546 2593 amphora
557 2529 584 2579 in
594 2531 728 2591 semetipsa
740 2529 827 2589 luerit,
841 2544 899 2579 cum
911 2544 962 2579 non
975 2530 1058 2580 solum
1070 2543 1096 2579 se
1107 2530 1170 2592 ipsa,
1184 2529 1228 2579 sed
1239 2533 1266 2578 et
1276 2529 1367 2579 vinum

282 2619 425 2678 contineat,
441 2618 567 2668 etlicietur
588 2621 618 2667 ut
636 2618 695 2667 duae
714 2633 754 2667 res
773 2617 854 2668 altera
873 2619 899 2667 in
918 2619 998 2668 altera
1017 2618 1069 2668 sint
1089 2619 1151 2682 (ἅμα
1169 2620 1212 2668 δύο
1238 2619 1263 2667 ἐν
1285 2619 1367 2681 ταύτῷ

282 2707 376 2770 ἔσται),
391 2721 443 2771 quo
456 2707 520 2756 nihil
533 2707 636 2756 videtur
650 2721 705 2758 esse
719 2707 865 2757 absurdius,
882 2707 1004 2770 Sequitur
1019 2721 1050 2757 ex
1064 2707 1143 2756 variis
1154 2706 1194 2756 his
1209 2707 1368 2769 argumentis

283 2798 312 2844 ut
327 2799 436 2858 nequeat
453 2809 493 2845 res
509 2796 562 2844 ulla
580 2809 625 2859 per
644 2809 670 2846 se
685 2809 739 2846 esse
759 2797 785 2845 in
801 2796 946 2859 semetipsa.
962 2823 994 2832 -
1012 2796 1143 2852 Quaerenti
1165 2799 1252 2845 antem
1271 2795 1368 2845 Zenoni

283 2898 346 2932 num
359 2885 431 2933 locus
444 2885 529 2934 locum
543 2884 669 2942 obtineat,
687 2885 826 2948 respondet
840 2885 990 2934 Aristoteles
1004 2885 1058 2935 heri
1072 2887 1188 2948 possent
1202 2903 1216 2931 n
1228 2883 1300 2934 locus
1311 2885 1366 2947 pri-

285 2987 368 3022 «mus
378 2973 404 3021 in
415 2973 464 3022 alia
478 2987 505 3023 re
517 2974 564 3033 sit,
581 2987 633 3023 non
649 2977 678 3024 ut
692 2974 719 3023 in
733 2974 799 3034 loco,
814 2975 857 3024 sed
870 2977 899 3023 nt
913 2973 1017 3024 habitus
1028 2977 1074 3024 aut
1088 2973 1197 3023 affectus
1213 2993 1234 3024 ».

314 3064 388 3111 Nunc
402 3076 471 3120 vero,
487 3062 553 3111 scire
565 3063 586 3112 si
599 3063 713 3112 volueris
725 3063 789 3126 quid
801 3048 897 3126 spectet
909 3062 1059 3113 Aristoteles
1074 3077 1117 3112 eas
1132 3063 1291 3113 ratiunculas
1308 3077 1368 3112 conv

283 3150 418 3210 eludendo,
430 3151 458 3199 in
471 3152 539 3200 hunc
553 3151 605 3202 fere
616 3151 730 3212 modum,
745 3155 774 3201 nt
788 3153 852 3201 mihi
866 3151 977 3212 videtur,
993 3151 1151 3216 expedienda
1164 3151 1209 3201 tihi
1224 3165 1264 3200 res
1277 3151 1333 3201 erit.

315 3240 379 3289 Cum
395 3239 489 3299 omnia,
504 3253 672 3303 quaecumque
688 3244 763 3299 sunt,
777 3240 872 3290 alicubi
883 3254 938 3290 esse
949 3240 1069 3290 dicantur
1082 3243 1233 3304 certumque
1248 3240 1305 3289 idco
1326 3239 1365 3288 lo·

282 3342 341 3378 cum
353 3328 476 3388 obtinere,
488 3331 592 3378 veretur
602 3329 752 3379 Aristoteles
764 3343 793 3379 ne
805 3329 862 3379 loco
876 3329 924 3394 ipsi
938 3330 1022 3379 locum
1034 3329 1216 3392 assignandum
1228 3343 1285 3380 esse
1300 3330 1367 3396 exis·

282 3418 416 3479 timemus,
431 3417 494 3466 adeo
509 3420 538 3466 ut
555 3417 643 3467 eadem
658 3417 689 3467 de
706 3418 763 3468 loeo
774 3419 883 3482 quaestio
897 3418 953 3468 sine
966 3419 1016 3468 fine
1027 3418 1223 3481 redintegretur.
1242 3418 1317 3474 Quod
1335 3432 1367 3467 ne

283 3506 391 3564 accidat,
402 3506 454 3569 jam
470 3521 537 3555 nunc
551 3506 676 3570 providet.
692 3510 765 3556 Duos
779 3508 856 3570 igitur
871 3507 998 3570 praecipue
1016 3506 1085 3557 locos
1101 3508 1251 3570 priusquam
1268 3507 1367 3556 consti-

283 3597 347 3654 tuat,
359 3595 419 3644 hinc
431 3595 645 3658 locumprtntum
656 3595 811 3659 (interiorem
821 3596 878 3646 dieo
891 3596 1047 3646 continentis
1059 3595 1096 3645 rei
1107 3595 1284 3660 superficiem),
1295 3595 1368 3645 illinc

283 3682 369 3732 locum
383 3697 563 3744 cervenensem,
578 3697 624 3734 seu
634 3684 724 3734 caelum
736 3686 899 3744 universum,
913 3685 968 3735 lieri
981 3698 1054 3748 posse
1065 3685 1200 3734 contendit
1212 3689 1239 3734 ut
1257 3688 1368 3747 uterque

283 3772 340 3821 loco
354 3776 445 3822 careat¹
463 3776 546 3823 Locus
557 3773 626 3824 enim
639 3775 746 3837 pitheus
760 3773 788 3822 in
804 3775 892 3838 aliqua
904 3788 932 3824 re
945 3774 1024 3836 inest,
1036 3789 1087 3823 non
1098 3777 1127 3822 ut
1138 3773 1251 3824 locatum
1262 3773 1289 3822 in
1300 3774 1366 3831 loco,

283 3861 328 3911 sed
342 3865 372 3910 ut
383 3862 507 3911 terminus
519 3861 546 3910 in
557 3876 584 3911 re
595 3863 733 3912 terminata
748 3863 826 3926 (οὐδὲν
838 3865 883 3930 γὰρ
896 3864 984 3914 κωλύει
995 3864 1019 3912 ἐν
1035 3864 1100 3928 ἄλλῳ
1117 3864 1159 3927 μὲν
1172 3865 1234 3912 εἶναι
1246 3863 1287 3911 τὸν
1299 3864 1368 3927 πρῶ·

283 3969 325 4000 τον
339 3951 426 4013 τόπον,
441 3954 473 4014 μὴ
489 3950 572 4016 μέντοι
585 3955 619 4007 ὡς
633 3953 659 4002 ἐν
674 3953 743 4016 τόπῳ
758 3953 857 4016 ἐκείνῳ,
874 3952 928 4002 ἀλλ’
943 3956 1027 4018 ὥσπερ
1046 3957 1061 4011 ἡ
1078 3953 1120 4016 μὲν
1133 3951 1215 4016 ὑγίεια
1231 3953 1255 4002 ἐν
1272 3954 1368 4015 θερμοῖς

283 4043 315 4097 ὡς
327 4041 386 4098 ἕξις,
398 4041 425 4090 τὸ
437 4042 462 4090 δὲ
472 4041 558 4106 θερμὸν
570 4044 594 4090 ἐν
606 4043 703 4105 σώματι
716 4046 748 4098 ὡς
760 4041 852 4104 πάθος).
866 4044 948 4090 Locus
959 4045 1045 4091 autem
1061 4043 1209 4091 communis
1221 4055 1272 4090 non
1283 4039 1368 4090 solum

280 4127 310 4176 in
324 4127 395 4178 nullo
409 4129 476 4186 loco,
494 4128 536 4178 sed
553 4130 580 4178 in
595 4129 667 4180 nulla
680 4131 758 4181 etiam
772 4145 799 4181 re
818 4130 885 4181 inest
901 4149 907 4179 ε
925 4129 952 4180 in
968 4131 1103 4194 semetipso
1120 4129 1188 4181 enim
1203 4143 1255 4194 per
1269 4134 1368 4194 portos
1406 4125 1409 4132 ⁴

280 4230 364 4280 suos,
378 4221 407 4266 ut
420 4217 487 4268 intra
501 4217 658 4279 videbimus,
675 4220 831 4270 continetur.
