3160 5054
586 482 629 531 DE
646 483 732 532 Loco
751 483 913 534 SENSERlT.
1061 490 1064 501 '
1261 487 1288 535 cl

249 624 296 684 Ad
309 625 438 684 alteram
454 625 673 688 difficultatem
686 625 861 686 veniamus.
878 626 1079 688 Elementum
1092 630 1291 707 unumquod-
1387 653 1389 660 ¹

209 757 271 817 que
291 739 448 801 elemento
468 741 626 812 inferiori,
651 740 736 819 quod
760 741 793 800 in
815 758 852 802 eo
875 741 1055 804 continetur
1072 743 1159 803 velut
1179 745 1290 806 anulus

207 855 302 915 anulo
320 855 474 928 inclusuS,
497 856 601 917 locum
622 873 690 916 esse
714 827 958 918 monstravimus
980 859 1088 918 :nullo
1108 863 1214 919 autem
1229 861 1289 920 alio

207 970 302 1030 modo
316 988 408 1048 posse
420 961 635 1031 Aristoteliam
648 971 686 1048 de
696 973 773 1032 locis
789 972 925 1050 propriis
937 973 1126 1034 sententiam
1136 975 1287 1054 intellegi.

207 1085 385 1146 immobilia
408 1085 503 1164 igitur
523 1104 560 1147 ea
587 1087 744 1148 elementa
766 1087 915 1161 fecimuS,
941 1087 1115 1166 siquidem,
1141 1093 1176 1149 ut
1202 1091 1289 1150 Aris-

122 1218 125 1224 ·
182 1204 185 1210 '
207 1200 296 1260 toteli
313 1201 426 1278 placet,
452 1223 468 1256 n
491 1202 577 1262 locus
592 1203 659 1263 vult
680 1219 749 1263 esse
767 1201 987 1262 immobilis».
1006 1205 1082 1264 Ecce
1096 1207 1204 1265 autem
1218 1223 1288 1266 mo-

206 1315 271 1374 veri
287 1316 460 1388 elementa,
477 1317 608 1391 mutari,
625 1335 685 1378 nec
706 1335 799 1396 posse
819 1317 939 1404 ibidem
960 1335 1085 1379 manere
1105 1319 1288 1381 Aristoteles

207 1435 374 1494 asseverat.
396 1433 543 1510 Legimus
556 1433 686 1493 enimin
709 1433 846 1494 secundo
870 1433 952 1494 libro
968 1435 1012 1494 De
1033 1435 1239 1495 Generatione
1257 1439 1288 1496 et

207 1545 414 1624 corruptione
431 1565 438 1606 :
455 1570 470 1602 «
490 1547 521 1608 Si
538 1548 571 1607 in
594 1565 650 1610 suo
665 1565 800 1626 quaeque
819 1549 890 1608 loco
912 1552 1131 1620 manerent,...
1156 1549 1218 1628 jam
1243 1567 1288 1610 se·
1322 1559 1324 1563 ’

209 1682 224 1714 «
241 1666 349 1738 parata
366 1663 470 1723 forent
492 1681 528 1724 oc
551 1663 722 1724 discreta...
739 1664 821 1724 Fieri
836 1681 899 1724 non
913 1666 1033 1742 potest,
1052 1667 1087 1724 ut
1110 1682 1219 1726 eorum
1239 1666 1292 1726 ul-'

188 1765 223 1830 'u
240 1775 306 1836 lum
328 1777 361 1836 in
379 1777 444 1838 ullo
464 1781 590 1839 maneat
613 1779 684 1838 loco
709 1783 796 1840 certo
813 1777 837 1840 ⁴.
856 1802 871 1834 »
890 1781 935 1839 lix
955 1797 1018 1858 quo
1040 1779 1208 1857 colligitur,
1229 1781 1289 1840 ele·

206 1895 311 1952 menta
323 1891 405 1954 intra
418 1894 531 1954 caelum
544 1894 659 1972 posita,
677 1895 819 1972 quamvis
834 1895 924 1955 locus
934 1895 1009 1954 velit
1019 1912 1086 1954 esse
1102 1895 1286 1968 immobilis

205 2009 343 2067 attamen
361 2013 393 2068 et
413 2009 475 2070 loci
488 2009 639 2070 naturalis
652 2027 783 2070 munere
798 2010 904 2088 iungi,
919 2014 949 2070 et
963 2011 1095 2070 moveri.

245 2123 349 2184 Tertia
365 2123 501 2202 denique
516 2142 554 2186 ex
572 2141 609 2186 eo
629 2107 796 2186 difficultas
812 2125 912 2185 oritur
928 2125 1013 2203 quod
1030 2126 1216 2186 Aristoteles
1241 2127 1287 2187 lo-

206 2257 279 2300 cum
297 2243 432 2318 primum
454 2244 558 2312 vocat,
581 2257 639 2300 nos
660 2257 735 2300 vero
754 2243 934 2320 proximum
958 2239 1169 2319 appellamus.
1187 2243 1287 2302 Locus

205 2355 327 2433 primus
347 2359 394 2415 est
415 2355 547 2416 interior
569 2355 616 2416 rei
638 2355 829 2416 continentis
852 2355 1062 2434 superficies:
1089 2355 1196 2416 locum
1224 2357 1287 2434 pri·
1340 2411 1343 2418 .

206 2487 310 2543 mum,
332 2471 468 2549 exempli
492 2470 605 2549 gratia,
629 2488 698 2531 eam
720 2471 801 2531 aeris
821 2470 1026 2550 superficiem
1050 2487 1119 2531 esse
1145 2471 1287 2531 dicemus

205 2603 274 2662 quae
286 2586 472 2664 particulam
486 2589 578 2646 terrae
599 2586 632 2646 in
646 2603 717 2646 aere
737 2585 874 2664 positam
893 2585 993 2663 tangit
1014 2588 1107 2662 atque
1132 2585 1288 2663 complec-

204 2701 291 2762 titur.
310 2703 401 2763 ,Gum
425 2719 499 2762 vero
528 2701 672 2780 quaedam
699 2702 804 2761 locum
829 2705 899 2761 actu
930 2701 1109 2773 obtineant,
1141 2701 1287 2778 quaedam

204 2821 375 2894 potestate,
396 2835 432 2878 ea
447 2817 512 2878 sola
531 2818 637 2878 locum
658 2820 732 2877 actu
752 2816 869 2876 babent
887 2833 957 2893 quae
971 2819 1112 2895 separata
1135 2819 1208 2876 sunt
1222 2833 1240 2874 a
1253 2833 1287 2876 re

205 2935 365 3011 tangente,
385 2933 607 3012 contiguaque,
626 2949 689 2992 non
705 2932 870 3003 continua,
894 2930 934 2991 ob
949 2929 1029 2992 banc
1044 2931 1148 3009 ipsam
1162 2911 1288 2992 causam

205 3052 337 3128 possunt
353 3047 514 3127 appellari.
534 3048 676 3120 Quandiu
693 3050 798 3107 tamen
820 3063 871 3107 res
889 3046 1012 3107 inclusa
1031 3045 1204 3106 immobilis
1224 3063 1288 3106 ma·

205 3168 273 3237 net,
297 3163 376 3224 nihil
394 3167 441 3224 est
467 3180 523 3224 cur
538 3167 679 3242 separata
693 3179 763 3222 esse
779 3162 864 3222 dicas
886 3161 919 3221 id
936 3161 1021 3238 quod
1041 3160 1181 3221 continet
1205 3163 1236 3220 et
1255 3159 1288 3220 id

204 3280 289 3357 quod
308 3279 488 3340 continetur
504 3296 510 3338 :
526 3278 595 3339 fieri
606 3278 692 3340 enim
705 3281 802 3355 queat
816 3281 851 3337 ut
866 3293 904 3337 ex
917 3276 983 3348 hie,
1001 3280 1037 3336 ut
1051 3275 1187 3349 videtur,
1208 3275 1288 3336 duo-

203 3394 273 3468 bus,
288 3411 384 3455 unum
399 3398 506 3454 tamen
521 3393 722 3470 solidumque
737 3409 850 3470 corpus
862 3394 1055 3463 conectatur,
1067 3407 1168 3450 —res
1183 3391 1288 3450 autem

204 3509 368 3586 illaquam
386 3509 541 3569 inclusam
559 3525 668 3581 vocaS,
693 3525 767 3567 cum
790 3507 938 3568 continua
960 3505 1023 3566 sint
1045 3521 1115 3582 quae
1137 3505 1288 3564 credebas

204 3641 271 3684 esse
285 3623 441 3702 contigua,
456 3641 519 3684 non
533 3627 603 3684 actu
622 3623 726 3682 locum
742 3622 899 3695 obtineat,
924 3621 979 3681 sed
994 3621 1135 3698 potentia
1149 3622 1287 3679 tantum-

204 3739 310 3802 modo.
324 3741 460 3814 Locum,
475 3742 510 3799 ut
524 3737 673 3808 diximus,
691 3741 762 3798 actu
774 3737 836 3796 sibi
852 3736 1040 3808 vindicabit,
1058 3752 1130 3796 cum
1143 3734 1287 3794 movebi-

204 3859 254 3915 tur
267 3857 408 3933 separata
422 3873 429 3914 z
446 3857 535 3916 motu
549 3853 646 3932 igitur
662 3852 843 3931 conjunctio
859 3868 1042 3929 corporum,
1060 3854 1148 3910 motu
1163 3850 1287 3910 dubita-

234 4031 268 4094 (1)
284 4033 319 4080 Do
336 4033 429 4081 Gener.
448 4035 475 4082 ct
490 4031 617 4094 Corrupt.
633 4031 670 4089 ll,
688 4032 746 4086 337,
766 4041 793 4087 a,
813 4033 839 4078 11
860 4046 865 4078 :
885 4030 905 4078 εἰ
923 4028 969 4091 γὰρ
987 4028 1093 4077 ἕκαστον
1115 4027 1198 4089 ἔμενεν
1217 4026 1241 4074 ἐν
1258 4031 1287 4089 τῇ

200 4121 275 4170 αὐτοῦ
290 4122 397 4184 χώρᾳ...,
413 4122 459 4180 ἤδη
475 4122 504 4170 ᾰν
519 4120 708 4177 διεστήκεσαν...
721 4118 767 4167 Διὰ
782 4118 808 4166 δὲ
827 4117 855 4168 τὸ
871 4115 1087 4181 perendinante
1104 4113 1225 4178 ἐνδέχεται
1241 4113 1285 4178 με’-

202 4226 252 4259 νειν
263 4210 331 4259 οὐδὲν
346 4210 424 4260 αὐτῶν
437 4210 461 4259 ἐν
477 4210 581 4272 οὐδεμιᾷ
591 4209 660 4274 χώρᾳ
674 4206 817 4271 τεταγμένῃ.
