3160 5054
298 508 327 552 52
685 503 763 558 QUID
779 501 995 552 ARISTOTELES

298 653 389 708 tuosa
402 646 431 705 vi
452 663 506 706 aer
519 643 701 718 attrahatur,
722 643 779 704 sed
801 643 874 722 quia
896 643 929 703 in
944 643 1029 704 aeria
1050 643 1166 716 forma,
1188 661 1282 721 quam
1301 661 1380 722 aqua

294 764 361 841 Jam
381 763 503 822 mutata
521 760 677 838 suscepit,
694 759 766 819 novi
789 758 954 837 cujusdam
974 759 1036 820 loci
1056 759 1236 820 continetur
1257 759 1380 820 deside-

296 879 380 938 rium
401 876 501 937 :adeo
515 879 549 936 ut
562 879 673 936 natura
689 892 747 935 sua
763 891 827 935 non
841 874 971 936 omnino
986 875 1128 952 potiatur
1144 875 1200 952 qui
1216 873 1317 936 sactus
1332 879 1379 936 est

295 1007 358 1066 aer,
371 992 447 1053 dum
461 992 578 1052 abesta
590 990 717 1069 regione
730 971 968 1050 naturalistlum
983 1006 1058 1050 vero
1071 990 1229 1050 elementa
1241 991 1378 1051 emedio

295 1109 334 1169 ad
353 1111 492 1169 extrema
510 1106 593 1166 inter
614 1123 647 1166 se
667 1091 902 1176 continuentur,
922 1107 1037 1166 terram
1058 1121 1132 1184 ergo
1152 1105 1378 1183 complectatur

294 1241 386 1302 aqua,
399 1239 513 1301 aquam
523 1239 585 1292 aer,
598 1238 671 1281 aera
685 1220 777 1298 ignis,
790 1220 897 1299 ignem
912 1213 1054 1298 danique
1070 1237 1183 1298 corpus
1199 1220 1375 1294 aetherium,

295 1339 450 1418 sphaeram
476 1337 657 1398 universam
672 1311 811 1414 oportet
830 1335 863 1394 in
884 1334 995 1396 anulos
1024 1334 1214 1408 dividamus,
1241 1353 1376 1413 quorum

293 1453 511 1531 unusquisque
528 1449 679 1512 naturalis
696 1451 829 1512 naturali
848 1451 1007 1511 elemento
1023 1451 1201 1530 assignetur
1219 1451 1317 1512 locus.
1331 1454 1376 1511 Ex

293 1587 355 1647 quo
368 1569 412 1638 tit,
429 1583 482 1627 eos
497 1582 570 1626 vcra
586 1565 778 1645 proprieque
801 1583 871 1626 esse
891 1566 1043 1626 terminos
1058 1565 1179 1644 primos
1194 1565 1375 1627 immobiles

292 1683 407 1760 quibus
428 1682 584 1742 elementa
600 1681 767 1755 naturalia,
787 1681 921 1742 naturali
943 1681 1055 1741 ordine
1079 1681 1249 1760 disposita,
1265 1683 1375 1742 termi-

194 1863 196 1870 ,
292 1803 405 1858 nentur
426 1815 433 1856 :
454 1801 631 1857 ceterorum
655 1796 869 1874 quorumlibet
888 1797 1101 1870 terminorum
1125 1796 1321 1870 instabilem,
1339 1803 1375 1858 ut

291 1914 335 1974 ita
353 1913 472 1984 dicam,
493 1912 635 1990 quietem
655 1928 739 1986 esse,
757 1915 788 1972 et
802 1929 872 1989 quae
887 1911 919 1972 vi
937 1915 990 1974 aut
1008 1929 1082 1972 casu
1097 1911 1227 1973 fortuito
1244 1914 1372 1987 servari,

291 2047 353 2090 non
364 2031 477 2088 natura
490 2045 525 2088 ac
539 2028 610 2106 Jure
625 2027 780 2087 videatur.

331 2145 370 2204 At
383 2143 478 2216 enim,
491 2142 576 2202 dicet
585 2142 710 2220 aliquis,
723 2142 749 2201 si
764 2142 807 2202 ita
817 2146 998 2221 comparata
1013 2147 1062 2203 est
1075 2144 1305 2203 elementorum
1318 2161 1374 2204 na-

289 2263 361 2320 tura
376 2261 411 2318 ut
425 2260 547 2318 certum
563 2256 792 2334 definitumque
812 2257 845 2316 in
864 2257 983 2318 mundo
1004 2257 1209 2318 intervallum
1228 2258 1372 2318 obtinere

289 2377 414 2446 aveant,
430 2371 642 2442 intervallum,
662 2377 830 2450 postquam
850 2373 987 2450 negasti,
1008 2391 1092 2434 nunc
1109 2391 1178 2433 esse
1200 2391 1257 2451 per
1271 2391 1304 2433 se
1319 2373 1374 2433 ali·
1435 2349 1439 2356 ¹

290 2487 366 2566 quid
389 2504 560 2565 asseveras.
578 2487 666 2558 Quod
686 2487 773 2548 enim
796 2505 853 2566 per
872 2505 905 2547 se
927 2487 1008 2547 nihil
1022 2492 1088 2561 est,
1113 2487 1145 2546 id
1167 2487 1254 2548 nullo
1276 2488 1374 2548 modo

288 2607 394 2682 potest
416 2602 535 2682 appeti.
557 2603 656 2662 lmmo
678 2602 774 2662 etiam
798 2603 1001 2662 intervallum
1025 2619 1093 2662 esse
1115 2620 1172 2680 per
1196 2620 1228 2663 se
1252 2603 1372 2682 aliquid

288 2737 393 2779 nonno
407 2719 591 2779 Aristoteles
606 2718 674 2796 ipse
689 2718 829 2796 agnoscit
845 2718 877 2777 in
890 2735 927 2778 eo
940 2718 1022 2778 libro
1034 2718 1088 2796 qui
1102 2721 1146 2778 De
1161 2718 1243 2778 Caelo
1259 2719 1371 2778 inscri-

288 2835 383 2906 bitur,
399 2851 471 2894 cum
483 2834 625 2911 loquitur
640 2833 672 2892 in
683 2833 767 2903 hunc
781 2833 934 2893 modum:
951 2855 967 2888 o
981 2833 1012 2893 Si
1028 2833 1100 2910 quis
1114 2838 1232 2894 terram
1248 2834 1280 2894 in
1298 2851 1372 2894 eum

290 2971 304 3002 «
321 2949 424 3008 locum
438 2949 635 3008 transtulerit
653 2949 708 3010 ubi
725 2966 809 3008 nunc
828 2953 876 3008 est
890 2949 973 3024 luna,
988 2967 1052 3008 non
1068 2948 1107 3010 ad
1123 2953 1239 3009 terram
1254 2949 1372 3010 feretur

290 3087 303 3118 «
320 3063 475 3141 particula
489 3079 685 3142 unaquaequc
704 3069 808 3139 terrae,
829 3063 885 3124 sed
904 3064 943 3124 ad
968 3081 1041 3126 eum
1064 3065 1172 3143 ipsum
1189 3065 1296 3126 locum
1314 3065 1371 3126 ubi

290 3151 401 3240 «nunc
426 3183 475 3251 est
496 3176 685 3253 collocata¹;
715 3202 730 3234 »
755 3180 905 3257 -quasi
932 3179 1097 3257 particula
1123 3183 1215 3240 terrae
1239 3197 1302 3240 non
1330 3179 1371 3240 ad

287 3297 403 3354 terram
418 3293 559 3365 tondant,
577 3293 632 3354 sed
650 3293 689 3354 ad
704 3293 906 3358 intervallum
922 3294 967 3367 id,
985 3295 1067 3354 intra
1079 3311 1194 3372 aquam
1214 3294 1371 3372 positum,

287 3409 372 3486 quod
386 3413 469 3470 terra
482 3409 580 3469 soleat
595 3408 732 3487 impleri.
747 3443 787 3454 —
806 3408 1091 3486 Respondebimus,
1107 3426 1209 3488 neque
1224 3413 1308 3501 terra
1322 3413 1371 3470 at-

286 3523 370 3584 trahi
392 3524 559 3602 particulas
575 3527 678 3598 terrae,
701 3541 803 3602 neque
819 3523 996 3604 intervallo.
1015 3527 1113 3603 Negat
1137 3525 1222 3586 enim
1245 3524 1371 3586 Aristo·

288 3640 365 3700 teles
380 3639 497 3700 similia
514 3639 688 3714 similibus,
704 3640 792 3700 velut
812 3640 844 3700 vi
866 3643 1009 3714 actuosa,
1026 3639 1157 3715 attrahi3
1178 3643 1272 3719 negat
1290 3640 1370 3700 item

288 3772 356 3815 esse
371 3771 428 3834 per
442 3772 475 3814 se
490 3755 703 3815 intervallum.
717 3755 778 3816 Sed
791 3755 834 3814 ita
848 3749 1085 3833 comparataest
1099 3759 1209 3818 natura
1226 3759 1318 3816 terrae
1332 3759 1370 3816 ut

287 3871 367 3930 intra
388 3887 500 3948 aquarn
522 3869 680 3947 quiescat,
697 3870 779 3930 intra
802 3873 906 3932 cetera
923 3871 1079 3932 elementa
1100 3874 1274 3931 moveatur.
1291 3872 1369 3930 Par-

316 4126 349 4189 (1)
365 4130 403 4176 De
418 4126 498 4186 Ocelo,
511 4128 553 4185 lv,
564 4131 618 4184 310,
632 4126 657 4187 b,
674 4131 688 4176 3
705 4145 710 4177 :
727 4128 755 4177 σὺ
769 4128 814 4192 γὰρ
827 4127 868 4177 ἐάν
881 4145 916 4184 τις
929 4131 1018 4192 μεταθῇ
1031 4130 1075 4188 τὴν
1088 4135 1132 4192 γῆν
1146 4129 1174 4178 οὗ
1185 4133 1225 4178 νῦν
1237 4131 1252 4186 ἡ
1265 4128 1366 4188 σελήνη,

285 4216 424 4274 οἰσθήσεται
438 4217 487 4266 τῶν
503 4215 590 4280 μορίων
605 4217 708 4266 ἕκαστον
722 4218 779 4280 πρὸς
794 4217 875 4278 αὐτήν,
892 4217 944 4266 ὰ)λ’
962 4219 1082 4282 ὅπουπερ
1097 4220 1137 4266 καὶ
1151 4223 1200 4266 νῦν.
