3160 5054
300 539 329 586 32
684 536 763 594 QUlD
778 535 997 588 ARISTOTELES

300 697 371 741 eam
388 679 566 742 Aristotelis
581 681 884 759 argumentationem
899 681 1117 743 mathematici
1133 679 1233 742 nostri
1249 679 1282 739 in
1298 678 1383 740 hunc

299 795 364 858 sere
375 795 523 870 modum,
538 800 572 857 ut
585 795 663 856 mihi
674 796 809 869 videtur,
825 797 1027 876 explicarent.
1042 797 1231 858 Ponamusv
1249 811 1317 857 esse
1333 812 1383 855 ce-

301 911 459 972 leritatem
475 912 615 991 corporis
630 913 835 982 transeuntis,
851 913 1041 974 densitatem
1055 917 1162 974 autem
1175 911 1297 989 trajecti
1313 927 1382 971 cor-

301 1026 387 1106 poris
404 1026 510 1088 littera
524 1027 545 1089 d
559 1032 717 1090 notemus.
738 1029 785 1090 Sit
803 1028 940 1107 denique
954 1031 1103 1089 constans
1120 1027 1250 1106 quidam
1270 1043 1382 1087 nume-

300 1160 353 1203 rus
368 1160 408 1204 m.
425 1144 501 1206 Cum
517 1143 705 1204 Aristoteles
718 1143 912 1205 celeritatem
927 1145 1067 1223 corporis
1081 1143 1276 1204 transeuntis
1289 1144 1385 1220 fingat

302 1258 412 1319 eadem
428 1259 550 1320 ratione
571 1276 712 1320 crescere
728 1277 790 1338 qua
807 1261 966 1322 minuatur
981 1259 1123 1339 eorporis
1138 1259 1263 1337 trajecti
1279 1257 1384 1319 densi-

301 1418 532 1494 tasshabemus
549 1393 682 1534 υε-ἑῖῑ.
702 1425 767 1484 Hae
784 1428 890 1485 autem
909 1424 941 1484 in
957 1423 1094 1484 formula
1110 1423 1136 1482 si
1152 1423 1226 1482 d:
1242 1424 1262 1504 0
1276 1421 1385 1482 leceri-

300 1605 387 1662 mus,
400 1607 468 1649 o:
488 1610 517 1648 co
528 1592 676 1668 sequetur
691 1589 881 1650 necessario.
895 1591 937 1650 Ex
950 1607 1012 1668 quo
1023 1588 1216 1668 colligimus,
1230 1587 1385 1648 infinitam

301 1704 333 1764 in
348 1721 446 1765 vacuo
459 1704 596 1765 futuram
612 1723 681 1766 esse
696 1705 901 1766 celeritatem.

341 1820 457 1880 Eadem
472 1820 658 1882 Aristoteles
672 1822 738 1882 vult
751 1821 834 1882 effici
853 1821 1016 1883 subtiliore
1030 1821 1165 1898 quodam
1181 1823 1383 1898 argumento,

301 1935 386 2013 quod
415 1937 521 2016 potius
550 1937 749 2016 interpretari
777 1937 963 1998 conabimur
992 1954 1088 2016 quam
1115 1936 1250 2010 totidem
1279 1935 1385 1997 verbis

302 2051 488 2129 exprimere.

342 2166 389 2227 Sit
404 2170 426 2227 Z
441 2169 580 2246 spatium
600 2169 759 2248 quoddam
781 2167 973 2248 longitudini
994 2171 1016 2230 B
1036 2169 1172 2248 ideoque
1193 2166 1385 2246 longitudini

301 2291 324 2348 Δ
338 2283 469 2362 aequale.
483 2283 514 2346 Si
529 2288 635 2364 posset
648 2285 802 2364 pondusd
818 2286 1018 2347 intervallum
1030 2284 1091 2345 hec
1105 2285 1238 2345 lustrare
1252 2276 1289 2344 in'
1301 2286 1385 2343 tem-

302 2421 378 2484 pore
392 2408 478 2464 certo
490 2403 530 2475 ll,
547 2418 619 2462 cum
635 2404 658 2461 ll
673 2406 798 2480 tempus
812 2401 990 2462 necessario
1005 2401 1133 2462 brevius
1146 2401 1186 2460 sit
1201 2403 1345 2478 tempore
1364 2401 1385 2458 ll

303 2519 469 2602 (quoniam
487 2521 509 2580 Δ
529 2534 617 2593 aere,
639 2518 778 2596 exempli
799 2517 916 2596 gratia,
939 2518 1069 2596 plenum
1091 2520 1152 2593 est,
1168 2518 1190 2576 Z
1208 2519 1314 2577 autem
1328 2533 1384 2574 va-

302 2633 419 2716 cuum),
433 2635 611 2696 efficeretur
620 2637 655 2694 ut
665 2633 697 2694 in
710 2632 823 2694 eodem
833 2637 976 2711 tempore
992 2633 1114 2694 Hidem
1124 2632 1250 2712 pondus
1261 2635 1386 2710 partem

301 2751 522 2812 tantummodo
539 2749 675 2828 aliquam
696 2749 902 2827 longitudinis
920 2755 942 2809 Δ
962 2749 994 2809 in
1015 2766 1149 2828 corpore
1169 2753 1192 2808 Δ
1211 2749 1383 2809 lustraret:

303 2884 397 2945 quam
408 2871 532 2945 partem
542 2864 648 2926 littera
658 2865 684 2924 Θ
695 2865 884 2926 notabimus.
899 2864 953 2926 His
965 2865 1091 2944 positis,
1105 2866 1260 2943 tingamus
1271 2881 1385 2941 corpus

302 2982 387 3042 aliud
405 2980 582 3059 quoddam,
603 2981 689 3060 eujus
709 2981 849 3042 densitas
873 2981 1006 3042 eandem
1027 2981 1185 3041 rationem
1206 2979 1323 3041 habeat
1344 2979 1384 3039 ad

303 3097 492 3158 densitatem
514 3097 655 3176 corporis
676 3100 698 3156 Δ
721 3114 817 3176 quam
836 3100 962 3176 tempus
984 3097 1007 3156 ll
1029 3097 1069 3157 ad
1090 3102 1217 3176 tempus
1237 3098 1271 3156 E.
1295 3095 1386 3166 Quod

303 3231 431 3293 eorpus,
448 3213 535 3274 nullo
547 3214 676 3273 nomine
692 3215 732 3275 ab
747 3213 915 3273 Aristotele
931 3213 1141 3292 appellatum,
1155 3213 1286 3272 litteral
1300 3211 1385 3272 desi-

300 3329 479 3408 gnabimus.
505 3331 582 3390 Cum
610 3329 756 3390 celeritas
776 3329 929 3406 ponderis
954 3333 976 3387 Δ
999 3329 1031 3388 in
1057 3345 1189 3408 corpore
1214 3329 1226 3387 l
1252 3327 1385 3388 eandem

301 3445 456 3506 rationem
478 3444 591 3505 habeat
608 3444 648 3505 ad
669 3445 863 3505 celeritatem
878 3443 910 3504 in
932 3461 1063 3523 corpore
1085 3449 1107 3504 Δ
1128 3461 1223 3522 quam
1243 3443 1385 3504 densitas

302 3559 442 3639 corporis
464 3564 487 3618 Δ
508 3560 549 3620 ad
574 3560 766 3620 densitatem
788 3560 929 3638 corporis
945 3562 973 3632 l,
997 3560 1066 3640 ipsa
1087 3567 1194 3622 autem
1217 3560 1285 3620 haec
1305 3560 1385 3620 ratio

303 3676 414 3753 eadem
430 3675 470 3736 sit
484 3693 519 3736 ac
533 3675 612 3736 ratio
628 3676 782 3755 temporis
798 3678 821 3735 E
836 3673 876 3736 ad
891 3679 1018 3756 tempus
1035 3678 1074 3748 ll,
1091 3677 1239 3737 lustraret
1258 3675 1385 3754 pondus

297 3793 320 3850 Δ
341 3791 572 3870 longitudinem
592 3791 733 3870 corporis
756 3793 767 3850 l
789 3792 944 3870 aequalem
965 3791 1152 3870 longitudini
1174 3795 1195 3852 Z
1217 3792 1249 3852 in
1272 3792 1386 3852 eodem

302 3911 444 3988 tempore
462 3907 493 3966 in
513 3925 575 3986 quo
597 3907 710 3968 lustrat
729 3913 850 3988 partem
868 3912 894 3969 Θ
916 3906 1056 3988 corporis
1075 3911 1108 3966 Δ.
1130 3907 1269 3968 Eandem
1291 3907 1387 3986 igitur

303 4022 445 4083 celeritas
458 4022 490 4082 in
502 4040 634 4104 corpore
647 4025 658 4084 l
671 4023 826 4084 rationem
839 4023 933 4085 habet
948 4023 987 4085 ad
1001 4024 1196 4085 celeritatem
1211 4025 1243 4085 in
1256 4029 1279 4084 Δ
1291 4041 1385 4102 quam

302 4139 446 4200 celeritas
460 4138 492 4198 in
506 4138 528 4196 Z
540 4139 579 4200 ad
593 4139 783 4202 celeritatem
797 4139 829 4200 in
842 4142 864 4200 Δ
879 4158 886 4200 :
904 4157 1016 4218 exque
1031 4140 1224 4220 colligimus,
1240 4139 1384 4201 celerita-

302 4257 367 4324 tem
391 4254 424 4315 in
446 4257 468 4315 Z
494 4255 646 4318 celeritati
667 4255 698 4316 in
716 4257 727 4315 l
752 4271 820 4320 asse
841 4257 1010 4335 aequalem,
1035 4257 1238 4333 futurumque
1260 4260 1386 4317 esseut
