3160 5054
298 506 327 551 28
676 500 761 556 -QUID
778 498 995 550 ARISTOTELES

299 668 315 700 a
328 662 456 723 exaqua
473 645 526 704 fiat
536 661 590 705 aer
604 639 627 702 ’ζ
640 666 655 698 ν
670 642 841 703 Sententia
856 643 987 722 hujusce
1005 661 1041 704 ea
1051 643 1098 704 vis
1112 648 1175 716 est,
1194 649 1230 705 ut
1250 663 1382 726 corpora

296 780 360 823 non
377 763 480 823 solum
497 762 643 822 immisso
659 761 732 822 cibo
746 751 930 839 augeantur,
947 761 1028 822 sicut
1046 762 1078 822 in
1099 763 1289 824 animalibus
1309 765 1381 842 qui-

296 879 370 940 dem
390 879 439 949 lit,
457 878 513 938 sed
534 881 566 938 et
586 877 790 939 conversione
811 877 915 938 subita
936 871 1207 957 quae'qualitatem
1227 884 1331 941 mutet
1350 885 1383 944 et

296 996 408 1072 augeat
421 992 688 1071 magnitudinem.
709 991 812 1053 lmmo
825 992 921 1054 eliam
935 993 1062 1054 videtur
1076 994 1239 1056 Aristoteli
1253 995 1307 1056 vix
1319 997 1381 1056 sibi

296 1109 402 1188 ipsum
421 1111 563 1169 constare
584 1112 806 1186 argumentum
826 1108 906 1169 illud
927 1109 1012 1186 quod
1031 1126 1048 1170 e
1067 1109 1139 1170 cibo
1155 1111 1305 1172 immisso
1321 1112 1381 1173 du-

298 1224 379 1286 citur
396 1241 402 1284 :
421 1247 437 1277 (ι
454 1225 516 1284 Aut
531 1224 616 1284 enim
631 1241 695 1284 non
711 1223 846 1301 quodvis
863 1228 1005 1302 augetur,
1019 1229 1074 1286 aul
1091 1243 1156 1286 non
1172 1244 1305 1305 conpore
1327 1246 1382 1289 au-

299 1362 314 1395 a
328 1333 428 1418 get'ur,
452 1343 505 1400 aut
520 1343 654 1418 possunt
675 1339 738 1400 duo
760 1356 893 1417 corpora
912 1357 981 1400 esse
996 1341 1029 1400 in
1049 1341 1163 1402 eodem
1179 1341 1305 1416 loco‚...
1329 1347 1383 1405 aut

299 1479 314 1511 a
331 1472 458 1516 necesse
479 1459 527 1516 est
543 1455 727 1515 universum
742 1472 856 1535 corpus
872 1473 941 1516 esse
956 1456 1066 1530 inane,
1082 1457 1108 1516 si
1129 1457 1269 1536 undique
1289 1477 1382 1538 auge-

300 1595 314 1626 «
331 1574 384 1632 tur
397 1574 428 1630 et
438 1588 496 1648 per
506 1571 598 1630 inane
610 1568 776 1649 augetura
797 1594 811 1626 ν
831 1571 1053 1650 Intellegamus
1072 1576 1198 1651 oportet
1208 1591 1272 1634 non
1288 1593 1381 1652 posse

298 1703 411 1764 corpus
426 1702 567 1746 crescere
583 1685 661 1763 quin
680 1689 784 1764 partes
800 1686 868 1764 ejus
888 1687 1020 1766 singulae
1036 1692 1186 1748 crescant.
1203 1691 1310 1750 Partes
1328 1707 1383 1750 au-

298 1804 364 1861 tem
378 1801 460 1860 inter
476 1819 509 1860 se
525 1801 690 1862 continuas
710 1819 779 1862 esse
801 1802 986 1863 Aristoteles
1002 1804 1172 1880 existimat,
1194 1805 1312 1884 quippe
1328 1805 1383 1884 qui

299 1934 362 1976 non
385 1917 587 1994 praesenserit
604 1917 810 1996 physicorum
830 1922 1012 1979 nostrorum
1032 1919 1226 1991 doctrinam,
1242 1921 1382 1999 particu-

299 2033 408 2110 lasque
429 2033 604 2093 intervallis
627 2037 800 2112 separatae,
825 2035 954 2112 paribus
978 2035 1151 2096 momentis
1175 2037 1381 2110 examinatas

298 2148 387 2208 nullo
408 2147 504 2208 modo
525 2148 584 2208 sibi
605 2149 722 2226 lingere
744 2149 896 2228 potuerit.
918 2151 992 2221 Ouae
1012 2168 1084 2211 cum
1101 2151 1145 2210 ila
1163 2151 1237 2223 sint,
1258 2155 1384 2229 oportet

298 2267 352 2324 aut
368 2267 490 2324 crescat
503 2265 535 2324 in
551 2265 720 2342 semetipsa
739 2283 811 2343 pars
825 2283 1039 2344 unaquaeque,
1055 2266 1181 2344 duoque
1196 2268 1331 2328 alterum
1350 2268 1384 2328 in

299 2379 398 2440 altero
421 2397 553 2458 corpora
573 2379 805 2455 contineantur,
824 2383 879 2441 aut
899 2399 1013 2460 corpus
1034 2386 1137 2443 totum
1157 2400 1294 2444 vacuum
1314 2400 1383 2443 esse

300 2493 459 2570 dicamus,
476 2495 626 2574 quoniam
641 2512 697 2574 per
712 2496 851 2574 partium
867 2496 1062 2575 singularum
1076 2497 1287 2558 accretionem
1302 2515 1385 2558 cres-

302 2609 358 2680 cit,
374 2613 479 2688 partes
491 2613 597 2671 autem
612 2611 764 2672 universae
778 2611 862 2671 inter
875 2629 908 2672 se
921 2612 1154 2678 continuantur.

342 2726 515 2786 confutatis
537 2726 789 2788 adversariorum
809 2727 1001 2798 rationibus,
1017 2746 1099 2788 nunc
1121 2729 1160 2788 ad
1177 2745 1267 2788 suam
1283 2729 1384 2807 ipsius

301 2841 501 2920 disciplinam
516 2842 701 2903 Aristoteles
711 2844 809 2903 venit.
825 2845 918 2904 Inane
934 2844 1064 2904 omnino
1079 2861 1142 2904 non
1159 2861 1228 2904 esse
1247 2847 1279 2904 et
1293 2862 1384 2922 argu-

301 2958 417 3018 mentis
427 2959 497 3018 aliis
507 2959 686 3030 coufirmat,
703 2963 734 3019 et
746 2959 801 3019 illo
811 2960 859 3019 vel
870 2959 1007 3020 maxime
1021 2960 1108 3037 quod
1119 2959 1257 3038 pertinet
1266 2959 1304 3019 ad
1319 2977 1385 3020 mo-

300 3075 371 3134 tum
384 3075 559 3136 naturalem
574 3074 599 3134 ³.

333 3332 365 3396 (1)
380 3332 459 3394 ruys.
477 3333 518 3391 lv,
531 3334 584 3392 214,
601 3346 624 3390 a,
641 3335 670 3380 33
684 3351 689 3380 :
704 3333 828 3396 ἐνδέχεται
841 3332 868 3380 δὲ
880 3333 921 3380 καὶ
935 3334 1082 3381 πυκνοῦσθαι
1103 3333 1136 3395 μὴ
1149 3335 1181 3388 εἰς
1193 3332 1220 3380 τὸ
1234 3333 1305 3382 κενὸν
1325 3333 1386 3382 ἀλλὰ

300 3421 339 3472 διὰ
353 3423 380 3472 τὸ
391 3422 422 3470 τὰ
433 3422 517 3471 ἐνόντα
534 3421 705 3485 ἐκπνρηρίζειν,
723 3421 774 3472 οἷον
786 3423 875 3480 ὕδατος
893 3423 1079 3484 σννθλιὸομὲνου
1096 3423 1138 3470 τὸν
1152 3422 1238 3471 ἐνόντα
1253 3423 1326 3488 ἀέρα,
1342 3423 1385 3471 καὶ

302 3511 442 3569 αὐξάνεσθαι
456 3512 484 3561 οὐ
497 3511 569 3575 μόνον
584 3511 700 3568 εἰσιόντος
715 3511 777 3567 τινὸς
792 3510 853 3560 ἀλλὰ
867 3512 909 3560 καὶ
924 3510 1063 3571 ἀλλοιώσει,
1076 3510 1127 3560 οἷον
1141 3512 1160 3559 el
1175 3511 1199 3570 ἐξ
1213 3512 1298 3568 ὕδατος
1312 3511 1385 3572 γίνοι-

303 3618 331 3650 το
346 3601 399 3666 ἀήρ.

302 3717 305 3725 -
334 3690 367 3753 (2)
380 3691 459 3751 Phys.
478 3691 523 3748 lv,
540 3692 598 3747 214,
613 3687 637 3747 b,
653 3695 667 3738 5
684 3705 689 3736 :
705 3688 777 3752 ἣγὰρ
795 3689 839 3738 οὐκ
855 3689 1093 3752 αὐξάνεταιῑότιοῠν,
1111 3691 1126 3748 ἢ
1141 3690 1170 3737 οὐ
1186 3690 1296 3752 σώματι,
1312 3692 1327 3749 ἢ
1343 3687 1385 3738 ἐνὲ

301 3779 395 3842 δέχεται
406 3779 449 3828 δύο
464 3779 568 3842 σώματα
583 3780 607 3827 ἐν
625 3777 703 3841 ταύτῷ
719 3779 781 3828 εἶναι
799 3777 911 3840 (ἀπορίαν
927 3777 970 3826 οὖν
986 3780 1069 3837 κοινὴν
1084 3779 1177 3854 dernier
1191 3778 1270 3838 λύειν,
1288 3777 1342 3828 ἀλλ’
1357 3779 1386 3830 οὐ

302 3870 374 3918 κενόν
393 3867 542 3918 δεικνύουσιν
564 3871 596 3924 ὡς
612 3867 703 3930 ἔστιν),
716 3870 730 3928 ἢ
745 3873 794 3916 πᾶν
815 3868 876 3917 εἶναι
892 3867 1027 3930 ἀναγκαῖον
1041 3869 1068 3918 τὸ
1082 3871 1154 3932 σῶμα
1171 3870 1255 3927 κενόν1
1272 3869 1292 3916 εἰ
1306 3867 1385 3930 πάντῃ

303 3958 431 4016 αὐξάνεται
446 3959 487 4006 καὶ
501 3955 627 4016 αὐξάνεται
642 3957 682 4005 διὰ
695 3961 776 4006 κενοῦ.

335 4047 368 4112 (3)
380 4047 529 4097 omittimus
540 4045 582 4095 hic
594 4045 747 4096 sententiam
759 4045 888 4110 quandam
900 4045 1087 4105 obscuriorem,
1101 4060 1179 4111 quam
1191 4045 1254 4095 allas
1268 4045 1387 4108 explana-

305 4135 407 4186 bimus:
424 4137 465 4186 καὶ
479 4140 530 4192 πῶς
544 4134 666 4196 ἐνέσταιῆ
682 4137 754 4198 ἐντῷ
770 4135 839 4198 τόπῳ
853 4138 867 4196 ἢ
883 4136 907 4184 ἐν
920 4140 955 4198 τῷ
968 4139 1046 4198 κενῷ;
1064 4135 1153 4200 οὐγὰρ
1167 4135 1308 4197 συμόαίνει,
1325 4137 1386 4184 ὅταν

305 4227 360 4278 ὅλον
375 4228 429 4294 τεθῇ
445 4225 468 4274 ἐν
480 4225 655 4290 κεχωρισμένῳ
676 4225 744 4288 τόπῳ
759 4227 799 4276 καὶ
813 4226 959 4292 ὑπομένοντι
977 4225 1050 4289 σῶμά
1061 4242 1093 4273 τι·
1112 4225 1140 4274 τὸ
1157 4224 1203 4290 γὰρ
1218 4225 1330 4290 μέρος-ἂν
1353 4227 1387 4291 μὴ
