3160 5054
302 523 332 573 36
684 519 768 576 ‚Qum
784 517 1001 568 ARISTOTELES

303 665 492 736 «Quattuor
516 680 580 723 uno
602 665 751 740 superant
771 661 858 734 Tria,
884 661 1029 739 pluribus
1049 665 1156 722 autern
1177 663 1262 734 Duo,
1286 661 1384 722 immo

302 803 318 836 «
339 779 436 840 etiarn
455 777 598 857 pluribus
620 777 724 838 Unum
745 793 840 854 quam
862 778 946 849 Duo,
963 776 1049 836 nulla
1064 776 1130 854 jam
1152 779 1201 836 est
1221 777 1384 854 proportio

303 917 317 949 «
339 913 401 973 qua
420 896 570 972 superent
590 891 685 952 Nihil.
703 893 836 952 Necesse
852 896 901 952 est
920 892 1021 965 enim,
1039 891 1072 951 id
1092 891 1177 969 quod
1194 891 1335 963 excedit,
1352 891 1384 950 in

302 1033 316 1065 «
340 1025 506 1070 excessum
529 1007 629 1068 dividi
650 1006 732 1068 etin
754 1007 787 1066 id
807 1006 891 1084 quod
910 1006 1084 1066 exceditur.
1108 1007 1208 1078 Quare
1228 1007 1385 1077 Quattuor

301 1147 316 1182 c
335 1128 429 1186 erunt
447 1123 480 1184 id
500 1141 564 1201 quo
586 1125 752 1202 superant,
771 1125 802 1182 et
816 1122 907 1182 nihil.
924 1146 938 1176 n
955 1122 1091 1183 Videtur
1106 1139 1180 1200 ergo
1197 1123 1383 1182 Aristoteles

299 1240 376 1302 duas
390 1239 445 1300 has
459 1238 621 1309 notioneS,
640 1255 719 1316 quas
734 1237 951 1298 mathematici
965 1236 1065 1297 nostri
1078 1237 1232 1298 rationem
1248 1241 1280 1298 et
1295 1237 1384 1298 dilie-

297 1355 434 1416 rentiam
447 1354 620 1432 appellant,
635 1351 872 1432 permiscuisse.
890 1352 1059 1413 Praesensit
1072 1351 1201 1431 quidem
1214 1371 1277 1413 non
1290 1369 1382 1430 posse

297 1470 453 1531 rationem
472 1467 570 1528 Nihili
597 1467 637 1528 ad
661 1467 786 1528 linitum
805 1484 977 1528 numerum
1000 1485 1073 1528 cum
1096 1468 1156 1528 alia
1176 1468 1241 1528 ulla
1260 1467 1383 1528 ratione

299 1585 490 1663 comparari:
504 1601 558 1644 cur
568 1586 677 1654 autern
691 1582 751 1644 hoc
766 1583 808 1642 sit
824 1586 854 1643 et
869 1582 1042 1660 quomod0,
1057 1582 1108 1643 vix
1122 1583 1197 1644 satis
1212 1583 1379 1643 intellexit.

337 1702 401 1759 Nec
414 1698 536 1758 firmius
551 1697 630 1759 illud
642 1701 863 1776 argumentum
878 1701 940 1770 est,
957 1697 1043 1776 quod
1059 1715 1096 1758 cx
1111 1702 1223 1758 natura
1241 1697 1382 1776 corporis

296 1813 440 1875 translati
457 1810 601 1874 ducitur*
624 1830 632 1872 :
658 1835 673 1866 α
696 1813 862 1873 Cernimus
885 1829 935 1884 ea,
962 1831 1032 1890 quae
1056 1813 1160 1892 majus
1183 1817 1382 1874 momentum

298 1951 313 1984 «
327 1929 445 1990 hahent
458 1932 515 1988 aut
529 1927 678 2006 ponderis
698 1932 752 1988 aut
768 1928 925 2004 levitatis,
941 1928 984 2002 si,
1001 1928 1086 2006 quod
1101 1928 1141 1990 ad
1157 1931 1277 2001 cetera,
1297 1929 1383 1988 simi-

298 2065 313 2099 «
328 2044 413 2106 libus
426 2043 535 2124 figuris
548 2042 681 2121 praedita
694 2043 771 2115 sint,
784 2043 918 2104 celerius
933 2043 1007 2104 terri
1022 2061 1080 2122 per
1093 2043 1234 2122 spatium
1246 2045 1379 2121 aequale,

297 2183 312 2215 «
330 2176 432 2237 eaque
451 2159 572 2219 ratione
585 2175 681 2236 quam
695 2157 814 2220 habent
829 2158 1062 2237 magnitudines
1075 2158 1159 2220 iuter
1173 2177 1217 2220 se.
1233 2159 1334 2230 Quare
1350 2164 1382 2221 et

297 2297 312 2328 «
333 2291 542 2353 pervacuum
562 2274 606 2334 ita
628 2274 779 2334 serentur.
804 2277 869 2335 Hoc
894 2277 1002 2335 autem
1031 2273 1102 2335 lieri
1127 2275 1249 2352 nequit.
1278 2276 1381 2346 Quam

297 2413 312 2447 o
329 2390 415 2450 enim
430 2389 469 2450 ob
485 2406 613 2450 causam
628 2389 764 2449 celerius
780 2390 1012 2450 movebuntur?
1029 2391 1063 2450 ln
1079 2390 1330 2480 plenisquidem
1348 2390 1381 2450 id

297 2536 312 2568 «
328 2513 506 2574 necessario
522 2513 649 2585 accidit,
667 2513 819 2590 quoniam
833 2513 963 2592 majoris
979 2514 1122 2592 corporis
1136 2515 1166 2575 vi
1185 2515 1320 2575 celerius
1336 2515 1382 2574 di-

297 2649 312 2684 «
328 2628 490 2688 viduntur.
507 2627 597 2699 Quod
612 2627 698 2688 enim
713 2628 811 2689 fertur
823 2631 878 2690 aut
893 2629 1071 2708 projectum
1088 2634 1150 2700 est,
1168 2629 1200 2688 id
1215 2630 1266 2689 vel
1281 2630 1383 2708 figura

297 2765 312 2798 α
329 2761 384 2803 sua
398 2743 449 2804 vel
462 2746 626 2803 momento
639 2760 753 2821 corpus
770 2744 939 2822 trajectum
955 2743 1079 2804 dividit.
1097 2745 1210 2805 Omnia
1225 2744 1322 2821 igitur
1336 2743 1382 2823 (in

298 2856 437 2937 evacuo)
455 2857 565 2918 eadem
583 2857 743 2918 celeritate
766 2859 951 2934 ciehuutur;
976 2859 1061 2936 quod
1084 2859 1152 2919 fieri
1174 2859 1262 2919 nullo
1284 2859 1381 2919 modo

297 2996 312 3027 «
329 2977 445 3052 potest.
464 2997 478 3027 »
493 3007 532 3018 -
544 2972 620 3032 Mira
634 2973 764 3050 quidem
778 2991 815 3033 ea
827 2974 1060 3052 argumentatio
1073 2978 1138 3045 est,
1151 2978 1183 3035 et
1198 2974 1378 3044 Aristotele,

295 3090 331 3148 ut
343 3087 423 3146 mihi
438 3087 575 3159 videtur,
592 3087 733 3166 indigna.
747 3087 842 3148 Ponit
861 3089 946 3148 enim
963 3089 1103 3167 primum
1122 3089 1293 3167 inaequales
1311 3106 1380 3150 esse

296 3201 329 3261 in
351 3219 450 3262 vacuo
474 3202 666 3273 celeritates,
691 3203 764 3279 quia
783 3203 816 3261 in
834 3220 964 3281 corpore
984 3203 1114 3282 trajecto
1138 3205 1283 3282 quolibet
1302 3205 1380 3264 inae-

296 3317 404 3394 quales
428 3317 503 3377 sini.
529 3317 759 3378 Animadvertit
778 3316 892 3378 deinde
915 3318 1034 3378 nullam
1053 3319 1120 3397 jam
1141 3337 1210 3380 esse
1230 3319 1263 3379 in
1281 3337 1380 3380 vacuo

296 3449 433 3504 causam,
448 3449 503 3492 cur
516 3432 642 3492 diversa
658 3432 820 3493 celeritate
836 3450 969 3511 corpora
983 3433 1028 3494 ibi
1045 3433 1169 3494 diversa
1181 3439 1377 3496 moveantur.

328 3696 362 3760 (l)
379 3694 458 3760 Plrys.
477 3698 520 3756 IV,
534 3701 592 3756 216,
610 3710 633 3756 a,
655 3701 682 3746 13
704 3715 709 3747 :
727 3699 822 3762 ὁρῶμεν
838 3699 883 3762 γὰρ
900 3699 932 3747 τὰ
947 3699 1021 3763 μείζω
1036 3703 1112 3766 ῥοπὴν
1128 3702 1243 3766 ἔχονταῆ
1261 3703 1351 3768 βάρους
1365 3705 1379 3763 ἦ

296 3787 461 3848 κουφότητος,
475 3786 515 3835 ἐὰν
528 3787 604 3834 τᾶλλα
618 3785 707 3850 ὁμοίως
719 3787 763 3851 ἔχῃ
778 3792 830 3844 τοῖς
845 3789 968 3852 σχήμασι,
988 3791 1076 3838 θᾶττον
1091 3790 1248 3854 φερόμεναιτὸ
1262 3793 1315 3840 ῑσον
1330 3810 1381 3856 χω-

297 3873 358 3939 ρίον,
369 3875 411 3922 καὶ
425 3874 490 3922 κατὰ
503 3875 574 3935 λόγον
593 3876 619 3924 ὃν
634 3875 719 3939 ἔχουσι
735 3876 766 3924 τὰ
785 3878 871 3939 μεγέθη
888 3878 947 3942 πρὸς
962 3878 1060 3934 attalia.
1079 3876 1156 3928 Ὥστε
1169 3881 1210 3929 καὶ
1224 3881 1265 3929 διὰ
1282 3885 1325 3930 τοῦ
1338 3898 1381 3930 κε-

295 3967 347 4012 νοῦ.
363 3962 425 4012 Ἀλλ’
439 3963 565 4012 ἀδύνατον·
579 3963 618 4012 διὰ
630 3962 684 4012 τίνα
694 3963 738 4028 γὰρ
750 3965 829 4014 αἰτίαν
843 3966 982 4024 οἰσθήσεται
996 3968 1094 4026 θᾶττονς
1109 3968 1133 4017 ἐν
1146 3969 1188 4032 μὲν
1198 3969 1245 4035 γὰρ
1258 3974 1310 4026 τοῖς
1318 3971 1381 4029 πλή-

227 4095 229 4100 .
297 4067 361 4110 ρεσιν
372 4051 396 4107 ἐξ
410 4050 525 4114 ἀνάγκης·
541 4053 625 4101 θᾶττον
641 4052 686 4114 γὰρ
699 4053 787 4116 διαιρεῖ
802 4060 830 4117 τῇ
844 4055 910 4116 ἰσχύϊ
923 4056 951 4104 τὸ
966 4060 1054 4118 μεῖζον·
1070 4058 1083 4115 ἢ
1099 4057 1144 4122 γὰρ
1162 4059 1267 4120 σχήματι
1282 4061 1379 4124 διαιρεῖ,

297 4141 312 4195 ἢ
334 4142 396 4204 ῥοπῇ
418 4142 447 4198 ἢν
474 4141 524 4202 ἔχει
539 4142 566 4190 τὸ
586 4141 745 4206 φερόμενονῆ
768 4142 796 4192 τὸ
815 4143 909 4206 ἀφεθέν.
935 4143 1047 4208 Ἰσοταχῆ
1063 4146 1112 4212 ἄρα
1128 4145 1202 4196 πάντ’
1217 4146 1294 4198 ἔσται.
1315 4148 1382 4199 Ἀλλ’

298 4227 425 4278 ἀδύνατον.
