<?xml version="1.0" encoding="UTF-8"?>
<!DOCTYPE html PUBLIC "-//W3C//DTD XHTML 1.0 Transitional//EN"
    "http://www.w3.org/TR/xhtml1/DTD/xhtml1-transitional.dtd">
<html xmlns="http://www.w3.org/1999/xhtml" xml:lang="en" lang="en">
 <head>
  <title>
</title>
<meta http-equiv="Content-Type" content="text/html;charset=utf-8" />
  <meta name='ocr-system' content='tesseract 3.04.00' />
  <meta name='ocr-capabilities' content='ocr_page ocr_carea ocr_par ocr_line ocrx_word'/>
</head>
<body>
  <div class='ocr_page' id='page_1' title='image "./quidaristoteles00berggoog_0016.png"; bbox 0 0 3160 5054; ppageno 0'>
   <div class='ocr_carea' id='block_1_1' title="bbox 569 557 1277 610">
    <p class='ocr_par' dir='ltr' id='par_1_1' title="bbox 569 557 1277 610">
     <span class='ocr_line' id='line_1_1' title="bbox 569 557 1277 610; baseline 0.004 -3"><span class='ocrx_word' id='word_1_1' title='bbox 569 561 612 607; x_wconf 90' lang='lat' dir='ltr'>DE</span> <span class='ocrx_word' id='word_1_2' title='bbox 628 557 715 608; x_wconf 83' lang='lat' dir='ltr'>Loco</span> <span class='ocrx_word' id='word_1_3' title='bbox 733 557 896 608; x_wconf 66' lang='lat' dir='ltr'>sensatur.</span> <span class='ocrx_word' id='word_1_4' title='bbox 1262 565 1277 610; x_wconf 88' lang='grc'><strong>5</strong></span> 
     </span>
    </p>
   </div>
   <div class='ocr_carea' id='block_1_2' title="bbox 190 699 1279 1818">
    <p class='ocr_par' dir='ltr' id='par_1_2' title="bbox 190 699 1277 897">
     <span class='ocr_line' id='line_1_2' title="bbox 192 699 1277 781; baseline -0.002 -17"><span class='ocrx_word' id='word_1_5' title='bbox 192 703 376 781; x_wconf 86' lang='lat' dir='ltr'>Conjeotura</span> <span class='ocrx_word' id='word_1_6' title='bbox 394 718 468 780; x_wconf 90' lang='lat' dir='ltr'>ergo</span> <span class='ocrx_word' id='word_1_7' title='bbox 490 699 728 779; x_wconf 80' lang='lat' dir='ltr'>consequimur,</span> <span class='ocrx_word' id='word_1_8' title='bbox 748 701 854 760; x_wconf 91' lang='lat' dir='ltr'>minus</span> <span class='ocrx_word' id='word_1_9' title='bbox 870 700 908 761; x_wconf 94' lang='lat' dir='ltr'>de</span> <span class='ocrx_word' id='word_1_10' title='bbox 929 699 1110 762; x_wconf 88' lang='lat' dir='ltr'>Aristotelia</span> <span class='ocrx_word' id='word_1_11' title='bbox 1127 719 1220 779; x_wconf 88' lang='lat' dir='ltr'>quam</span> <span class='ocrx_word' id='word_1_12' title='bbox 1238 701 1277 762; x_wconf 89' lang='lat' dir='ltr'>do</span> 
     </span>
     <span class='ocr_line' id='line_1_3' title="bbox 190 815 615 897; baseline -0.009 -19"><span class='ocrx_word' id='word_1_13' title='bbox 190 817 308 897; x_wconf 89' lang='lat' dir='ltr'>vulgari</span> <span class='ocrx_word' id='word_1_14' title='bbox 327 817 475 895; x_wconf 90' lang='lat' dir='ltr'>opinione</span> <span class='ocrx_word' id='word_1_15' title='bbox 488 815 540 876; x_wconf 88' lang='lat' dir='ltr'>hio</span> <span class='ocrx_word' id='word_1_16' title='bbox 554 816 615 894; x_wconf 88' lang='lat' dir='ltr'>agi.</span> 
     </span>
    </p>

    <p class='ocr_par' dir='ltr' id='par_1_3' title="bbox 190 930 1279 1818">
     <span class='ocr_line' id='line_1_4' title="bbox 232 930 1278 1010; baseline -0.002 -16"><span class='ocrx_word' id='word_1_17' title='bbox 232 936 293 994; x_wconf 88' lang='lat' dir='ltr'>Nee</span> <span class='ocrx_word' id='word_1_18' title='bbox 307 933 410 993; x_wconf 92' lang='lat' dir='ltr'>solum</span> <span class='ocrx_word' id='word_1_19' title='bbox 421 949 580 993; x_wconf 91' lang='lat' dir='ltr'>summum</span> <span class='ocrx_word' id='word_1_20' title='bbox 598 934 629 992; x_wconf 92' lang='lat' dir='ltr'>et</span> <span class='ocrx_word' id='word_1_21' title='bbox 645 931 762 1003; x_wconf 93' lang='lat' dir='ltr'>imum,</span> <span class='ocrx_word' id='word_1_22' title='bbox 775 930 831 991; x_wconf 93' lang='lat' dir='ltr'>sed</span> <span class='ocrx_word' id='word_1_23' title='bbox 847 930 1041 992; x_wconf 88' lang='lat' dir='ltr'>diiierentias</span> <span class='ocrx_word' id='word_1_24' title='bbox 1055 934 1184 1004; x_wconf 86' lang='lat' dir='ltr'>ceteras,</span> <span class='ocrx_word' id='word_1_25' title='bbox 1200 932 1278 1010; x_wconf 93' lang='lat' dir='ltr'>quid</span> 
     </span>
     <span class='ocr_line' id='line_1_5' title="bbox 192 1046 1278 1126; baseline -0.001 -17"><span class='ocrx_word' id='word_1_26' title='bbox 192 1049 310 1121; x_wconf 84' lang='lat' dir='ltr'>dextra,</span> <span class='ocrx_word' id='word_1_27' title='bbox 325 1048 401 1125; x_wconf 93' lang='lat' dir='ltr'>quid</span> <span class='ocrx_word' id='word_1_28' title='bbox 415 1047 552 1118; x_wconf 88' lang='lat' dir='ltr'>sinistra,</span> <span class='ocrx_word' id='word_1_29' title='bbox 568 1046 645 1125; x_wconf 91' lang='lat' dir='ltr'>quid</span> <span class='ocrx_word' id='word_1_30' title='bbox 661 1050 767 1107; x_wconf 87' lang='lat' dir='ltr'>autem</span> <span class='ocrx_word' id='word_1_31' title='bbox 782 1049 866 1120; x_wconf 90' lang='lat' dir='ltr'>ante,</span> <span class='ocrx_word' id='word_1_32' title='bbox 882 1046 960 1124; x_wconf 91' lang='lat' dir='ltr'>quid</span> <span class='ocrx_word' id='word_1_33' title='bbox 974 1051 1069 1119; x_wconf 89' lang='lat' dir='ltr'>retro,</span> <span class='ocrx_word' id='word_1_34' title='bbox 1084 1050 1195 1108; x_wconf 88' lang='lat' dir='ltr'>natura</span> <span class='ocrx_word' id='word_1_35' title='bbox 1209 1047 1278 1126; x_wconf 89' lang='lat' dir='ltr'>ipsa</span> 
     </span>
     <span class='ocr_line' id='line_1_6' title="bbox 191 1159 1278 1242; baseline -0.003 -17"><span class='ocrx_word' id='word_1_36' title='bbox 191 1164 286 1225; x_wconf 90' lang='lat' dir='ltr'>oertis</span> <span class='ocrx_word' id='word_1_37' title='bbox 307 1163 431 1242; x_wconf 88' lang='lat' dir='ltr'>legibus</span> <span class='ocrx_word' id='word_1_38' title='bbox 454 1159 636 1222; x_wconf 80' lang='lat' dir='ltr'>definivit⁴.</span> <span class='ocrx_word' id='word_1_39' title='bbox 661 1162 737 1232; x_wconf 85' lang='lat' dir='ltr'>Quae</span> <span class='ocrx_word' id='word_1_40' title='bbox 760 1161 948 1222; x_wconf 82' lang='lat' dir='ltr'>differentiae</span> <span class='ocrx_word' id='word_1_41' title='bbox 973 1163 1117 1239; x_wconf 89' lang='lat' dir='ltr'>quamvis</span> <span class='ocrx_word' id='word_1_42' title='bbox 1139 1162 1178 1222; x_wconf 92' lang='lat' dir='ltr'>ad</span> <span class='ocrx_word' id='word_1_43' title='bbox 1203 1163 1278 1222; x_wconf 86' lang='lat' dir='ltr'>libi-</span> 
     </span>
     <span class='ocr_line' id='line_1_7' title="bbox 191 1276 1279 1355; baseline -0.002 -15"><span class='ocrx_word' id='word_1_44' title='bbox 191 1280 298 1340; x_wconf 84' lang='lat' dir='ltr'>dinem</span> <span class='ocrx_word' id='word_1_45' title='bbox 309 1281 450 1338; x_wconf 91' lang='lat' dir='ltr'>nostram</span> <span class='ocrx_word' id='word_1_46' title='bbox 460 1277 597 1338; x_wconf 87' lang='lat' dir='ltr'>rationes</span> <span class='ocrx_word' id='word_1_47' title='bbox 608 1294 679 1338; x_wconf 89' lang='lat' dir='ltr'>suas</span> <span class='ocrx_word' id='word_1_48' title='bbox 690 1276 930 1338; x_wconf 82' lang='lat' dir='ltr'>accommodare</span> <span class='ocrx_word' id='word_1_49' title='bbox 940 1277 1115 1355; x_wconf 88' lang='lat' dir='ltr'>videantur,</span> <span class='ocrx_word' id='word_1_50' title='bbox 1128 1281 1163 1339; x_wconf 93' lang='lat' dir='ltr'>ut</span> <span class='ocrx_word' id='word_1_51' title='bbox 1176 1279 1279 1340; x_wconf 79' lang='lat' dir='ltr'>evenit</span> 
     </span>
     <span class='ocr_line' id='line_1_8' title="bbox 191 1394 1279 1472; baseline -0.002 -17"><span class='ocrx_word' id='word_1_52' title='bbox 191 1394 467 1472; x_wconf 81' lang='lat' dir='ltr'>quotiescumque,</span> <span class='ocrx_word' id='word_1_53' title='bbox 484 1409 636 1453; x_wconf 85' lang='lat' dir='ltr'>converso</span> <span class='ocrx_word' id='word_1_54' title='bbox 652 1409 785 1471; x_wconf 78' lang='lat' dir='ltr'>corpore</span> <span class='ocrx_word' id='word_1_55' title='bbox 799 1398 923 1465; x_wconf 89' lang='lat' dir='ltr'>nostro,</span> <span class='ocrx_word' id='word_1_56' title='bbox 941 1396 994 1453; x_wconf 90' lang='lat' dir='ltr'>aut</span> <span class='ocrx_word' id='word_1_57' title='bbox 1010 1395 1081 1452; x_wconf 89' lang='lat' dir='ltr'>ante</span> <span class='ocrx_word' id='word_1_58' title='bbox 1097 1410 1154 1452; x_wconf 90' lang='lat' dir='ltr'>nos</span> <span class='ocrx_word' id='word_1_59' title='bbox 1171 1394 1279 1454; x_wconf 91' lang='lat' dir='ltr'>obver-</span> 
     </span>
     <span class='ocr_line' id='line_1_9' title="bbox 190 1507 1279 1587; baseline -0.002 -17"><span class='ocrx_word' id='word_1_60' title='bbox 190 1513 298 1571; x_wconf 88' lang='lat' dir='ltr'>santur</span> <span class='ocrx_word' id='word_1_61' title='bbox 321 1526 390 1586; x_wconf 90' lang='lat' dir='ltr'>quae</span> <span class='ocrx_word' id='word_1_62' title='bbox 410 1512 498 1568; x_wconf 90' lang='lat' dir='ltr'>erant</span> <span class='ocrx_word' id='word_1_63' title='bbox 516 1525 534 1568; x_wconf 92' lang='lat' dir='ltr'>a</span> <span class='ocrx_word' id='word_1_64' title='bbox 553 1511 657 1586; x_wconf 90' lang='lat' dir='ltr'>tergo,</span> <span class='ocrx_word' id='word_1_65' title='bbox 680 1511 734 1569; x_wconf 90' lang='lat' dir='ltr'>aut</span> <span class='ocrx_word' id='word_1_66' title='bbox 757 1507 867 1568; x_wconf 86' lang='lat' dir='ltr'>dextra</span> <span class='ocrx_word' id='word_1_67' title='bbox 888 1508 921 1567; x_wconf 94' lang='lat' dir='ltr'>in</span> <span class='ocrx_word' id='word_1_68' title='bbox 945 1507 1088 1583; x_wconf 88' lang='lat' dir='ltr'>sinistra,</span> <span class='ocrx_word' id='word_1_69' title='bbox 1115 1509 1279 1587; x_wconf 89' lang='lat' dir='ltr'>superiora</span> 
     </span>
     <span class='ocr_line' id='line_1_10' title="bbox 191 1623 1275 1702; baseline 0 -18"><span class='ocrx_word' id='word_1_70' title='bbox 191 1625 224 1685; x_wconf 94' lang='lat' dir='ltr'>in</span> <span class='ocrx_word' id='word_1_71' title='bbox 245 1624 394 1684; x_wconf 85' lang='lat' dir='ltr'>inferiora</span> <span class='ocrx_word' id='word_1_72' title='bbox 415 1626 587 1697; x_wconf 89' lang='lat' dir='ltr'>mutantur,</span> <span class='ocrx_word' id='word_1_73' title='bbox 610 1627 643 1684; x_wconf 89' lang='lat' dir='ltr'>at</span> <span class='ocrx_word' id='word_1_74' title='bbox 664 1626 785 1698; x_wconf 90' lang='lat' dir='ltr'>tamen,</span> <span class='ocrx_word' id='word_1_75' title='bbox 810 1641 883 1684; x_wconf 89' lang='lat' dir='ltr'>oum</span> <span class='ocrx_word' id='word_1_76' title='bbox 905 1623 938 1682; x_wconf 93' lang='lat' dir='ltr'>in</span> <span class='ocrx_word' id='word_1_77' title='bbox 959 1627 1076 1684; x_wconf 89' lang='lat' dir='ltr'>certam</span> <span class='ocrx_word' id='word_1_78' title='bbox 1095 1623 1275 1702; x_wconf 88' lang='lat' dir='ltr'>regionem,</span> 
     </span>
     <span class='ocr_line' id='line_1_11' title="bbox 191 1738 1275 1818; baseline -0.002 -17"><span class='ocrx_word' id='word_1_79' title='bbox 191 1758 263 1818; x_wconf 85' lang='lat' dir='ltr'>quae</span> <span class='ocrx_word' id='word_1_80' title='bbox 288 1739 432 1818; x_wconf 85' lang='lat' dir='ltr'>superior</span> <span class='ocrx_word' id='word_1_81' title='bbox 453 1739 485 1798; x_wconf 95' lang='lat' dir='ltr'>in</span> <span class='ocrx_word' id='word_1_82' title='bbox 511 1738 630 1799; x_wconf 92' lang='lat' dir='ltr'>mundo</span> <span class='ocrx_word' id='word_1_83' title='bbox 652 1739 786 1811; x_wconf 90' lang='lat' dir='ltr'>eminet,</span> <span class='ocrx_word' id='word_1_84' title='bbox 807 1739 899 1816; x_wconf 90' lang='lat' dir='ltr'>ignea</span> <span class='ocrx_word' id='word_1_85' title='bbox 921 1756 957 1799; x_wconf 85' lang='lat' dir='ltr'>aa</span> <span class='ocrx_word' id='word_1_86' title='bbox 983 1739 1065 1799; x_wconf 88' lang='lat' dir='ltr'>levia</span> <span class='ocrx_word' id='word_1_87' title='bbox 1093 1740 1275 1811; x_wconf 80' lang='lat' dir='ltr'>subvolent,</span> 
     </span>
    </p>
   </div>
   <div class='ocr_carea' id='block_1_3' title="bbox 189 1854 1278 2508">
    <p class='ocr_par' dir='ltr' id='par_1_4' title="bbox 189 1854 1278 2508">
     <span class='ocr_line' id='line_1_12' title="bbox 190 1854 1278 1932; baseline -0.002 -16"><span class='ocrx_word' id='word_1_88' title='bbox 190 1855 345 1916; x_wconf 82' lang='lat' dir='ltr'>contrario</span> <span class='ocrx_word' id='word_1_89' title='bbox 360 1858 466 1915; x_wconf 88' lang='lat' dir='ltr'>autem</span> <span class='ocrx_word' id='word_1_90' title='bbox 480 1857 569 1914; x_wconf 93' lang='lat' dir='ltr'>motu</span> <span class='ocrx_word' id='word_1_91' title='bbox 582 1854 723 1915; x_wconf 90' lang='lat' dir='ltr'>oieantur</span> <span class='ocrx_word' id='word_1_92' title='bbox 739 1857 863 1914; x_wconf 89' lang='lat' dir='ltr'>terrena</span> <span class='ocrx_word' id='word_1_93' title='bbox 877 1854 1059 1932; x_wconf 83' lang='lat' dir='ltr'>graviaque,</span> <span class='ocrx_word' id='word_1_94' title='bbox 1078 1858 1202 1932; x_wconf 89' lang='lat' dir='ltr'>oportet</span> <span class='ocrx_word' id='word_1_95' title='bbox 1214 1873 1278 1915; x_wconf 95' lang='lat' dir='ltr'>non</span> 
     </span>
     <span class='ocr_line' id='line_1_13' title="bbox 191 1968 1278 2048; baseline -0.001 -17"><span class='ocrx_word' id='word_1_96' title='bbox 191 1971 293 2031; x_wconf 92' lang='lat' dir='ltr'>solum</span> <span class='ocrx_word' id='word_1_97' title='bbox 308 1970 347 2030; x_wconf 86' lang='lat' dir='ltr'>ad</span> <span class='ocrx_word' id='word_1_98' title='bbox 363 1969 459 2030; x_wconf 90' lang='lat' dir='ltr'>situm</span> <span class='ocrx_word' id='word_1_99' title='bbox 473 1969 615 2048; x_wconf 86' lang='lat' dir='ltr'>eorporis</span> <span class='ocrx_word' id='word_1_100' title='bbox 627 1968 727 2030; x_wconf 78' lang='lat' dir='ltr'>nostri</span> <span class='ocrx_word' id='word_1_101' title='bbox 743 1969 938 2030; x_wconf 83' lang='lat' dir='ltr'>differentias</span> <span class='ocrx_word' id='word_1_102' title='bbox 950 1968 1169 2048; x_wconf 79' lang='lat' dir='ltr'>hujuscemodi</span> <span class='ocrx_word' id='word_1_103' title='bbox 1182 1970 1278 2048; x_wconf 88' lang='lat' dir='ltr'>perti-</span> 
     </span>
     <span class='ocr_line' id='line_1_14' title="bbox 189 2084 1276 2163; baseline 0 -17"><span class='ocrx_word' id='word_1_104' title='bbox 189 2103 276 2160; x_wconf 92' lang='lat' dir='ltr'>nere,</span> <span class='ocrx_word' id='word_1_105' title='bbox 292 2085 347 2146; x_wconf 91' lang='lat' dir='ltr'>sed</span> <span class='ocrx_word' id='word_1_106' title='bbox 365 2103 421 2163; x_wconf 87' lang='lat' dir='ltr'>per</span> <span class='ocrx_word' id='word_1_107' title='bbox 434 2103 467 2146; x_wconf 94' lang='lat' dir='ltr'>se</span> <span class='ocrx_word' id='word_1_108' title='bbox 486 2085 637 2146; x_wconf 84' lang='lat' dir='ltr'>exsistere</span> <span class='ocrx_word' id='word_1_109' title='bbox 654 2085 862 2162; x_wconf 84' lang='lat' dir='ltr'>stabilemque</span> <span class='ocrx_word' id='word_1_110' title='bbox 881 2102 917 2144; x_wconf 90' lang='lat' dir='ltr'>ao</span> <span class='ocrx_word' id='word_1_111' title='bbox 932 2085 1029 2145; x_wconf 84' lang='lat' dir='ltr'>fixum</span> <span class='ocrx_word' id='word_1_112' title='bbox 1042 2084 1075 2143; x_wconf 93' lang='lat' dir='ltr'>in</span> <span class='ocrx_word' id='word_1_113' title='bbox 1090 2084 1209 2145; x_wconf 91' lang='lat' dir='ltr'>mundo</span> <span class='ocrx_word' id='word_1_114' title='bbox 1224 2103 1276 2146; x_wconf 93' lang='lat' dir='ltr'>or-</span> 
     </span>
     <span class='ocr_line' id='line_1_15' title="bbox 190 2197 1277 2278; baseline 0 -18"><span class='ocrx_word' id='word_1_115' title='bbox 190 2201 298 2261; x_wconf 89' lang='lat' dir='ltr'>dinem</span> <span class='ocrx_word' id='word_1_116' title='bbox 332 2197 501 2261; x_wconf 61' lang='lat' dir='ltr'>retineret.</span> <span class='ocrx_word' id='word_1_117' title='bbox 526 2236 559 2243; x_wconf 92' lang='lat'>—-</span> <span class='ocrx_word' id='word_1_118' title='bbox 592 2200 765 2278; x_wconf 79' lang='lat' dir='ltr'>Perspicua</span> <span class='ocrx_word' id='word_1_119' title='bbox 797 2200 926 2278; x_wconf 91' lang='lat' dir='ltr'>quidem</span> <span class='ocrx_word' id='word_1_120' title='bbox 960 2199 1028 2260; x_wconf 88' lang='lat' dir='ltr'>haeo</span> <span class='ocrx_word' id='word_1_121' title='bbox 1057 2199 1148 2272; x_wconf 85' lang='lat' dir='ltr'>fient,</span> <span class='ocrx_word' id='word_1_122' title='bbox 1179 2200 1206 2260; x_wconf 90' lang='lat' dir='ltr'>si</span> <span class='ocrx_word' id='word_1_123' title='bbox 1238 2201 1277 2260; x_wconf 92' lang='lat' dir='ltr'>ad</span> 
     </span>
     <span class='ocr_line' id='line_1_16' title="bbox 191 2313 1276 2394; baseline 0 -18"><span class='ocrx_word' id='word_1_124' title='bbox 191 2315 365 2377; x_wconf 86' lang='lat' dir='ltr'>secundum</span> <span class='ocrx_word' id='word_1_125' title='bbox 395 2316 514 2377; x_wconf 88' lang='lat' dir='ltr'>librum</span> <span class='ocrx_word' id='word_1_126' title='bbox 545 2318 589 2376; x_wconf 90' lang='lat' dir='ltr'>De</span> <span class='ocrx_word' id='word_1_127' title='bbox 619 2313 723 2377; x_wconf 68' lang='grc' dir='ltr'>(θοοΙο3</span> <span class='ocrx_word' id='word_1_128' title='bbox 752 2315 957 2394; x_wconf 91' lang='lat' dir='ltr'>primumque</span> <span class='ocrx_word' id='word_1_129' title='bbox 989 2317 1033 2375; x_wconf 87' lang='lat' dir='ltr'>De</span> <span class='ocrx_word' id='word_1_130' title='bbox 1068 2315 1276 2376; x_wconf 85' lang='lat' dir='ltr'>Generatione</span> 
     </span>
     <span class='ocr_line' id='line_1_17' title="bbox 189 2427 1275 2508; baseline -0.002 -16"><span class='ocrx_word' id='word_1_131' title='bbox 189 2429 403 2492; x_wconf 70' lang='lat' dir='ltr'>Animaliuml</span> <span class='ocrx_word' id='word_1_132' title='bbox 423 2448 480 2491; x_wconf 92' lang='lat' dir='ltr'>nos</span> <span class='ocrx_word' id='word_1_133' title='bbox 498 2431 765 2503; x_wconf 88' lang='lat' dir='ltr'>transtulerimus,</span> <span class='ocrx_word' id='word_1_134' title='bbox 782 2431 833 2490; x_wconf 91' lang='lat' dir='ltr'>vel</span> <span class='ocrx_word' id='word_1_135' title='bbox 852 2427 997 2490; x_wconf 89' lang='lat' dir='ltr'>etiamad</span> <span class='ocrx_word' id='word_1_136' title='bbox 1014 2447 1132 2508; x_wconf 88' lang='lat' dir='ltr'>eaquae</span> <span class='ocrx_word' id='word_1_137' title='bbox 1152 2431 1196 2490; x_wconf 91' lang='lat' dir='ltr'>De</span> <span class='ocrx_word' id='word_1_138' title='bbox 1210 2433 1275 2490; x_wconf 90' lang='lat' dir='ltr'>llo-</span> 
     </span>
    </p>
   </div>
   <div class='ocr_carea' id='block_1_4' title="bbox 188 2545 1275 2968">
    <p class='ocr_par' dir='ltr' id='par_1_5' title="bbox 188 2545 1275 2968">
     <span class='ocr_line' id='line_1_18' title="bbox 190 2545 1272 2624; baseline -0.001 -18"><span class='ocrx_word' id='word_1_139' title='bbox 190 2547 276 2607; x_wconf 93' lang='lat' dir='ltr'>tione</span> <span class='ocrx_word' id='word_1_140' title='bbox 291 2546 496 2618; x_wconf 87' lang='lat' dir='ltr'>Animalium,</span> <span class='ocrx_word' id='word_1_141' title='bbox 514 2547 657 2624; x_wconf 81' lang='lat' dir='ltr'>quamvis</span> <span class='ocrx_word' id='word_1_142' title='bbox 670 2547 708 2606; x_wconf 84' lang='lat' dir='ltr'>ab</span> <span class='ocrx_word' id='word_1_143' title='bbox 723 2545 891 2607; x_wconf 82' lang='lat' dir='ltr'>Aristotele</span> <span class='ocrx_word' id='word_1_144' title='bbox 907 2546 976 2623; x_wconf 88' lang='lat' dir='ltr'>ipso</span> <span class='ocrx_word' id='word_1_145' title='bbox 991 2564 1055 2606; x_wconf 93' lang='lat' dir='ltr'>non</span> <span class='ocrx_word' id='word_1_146' title='bbox 1070 2546 1134 2605; x_wconf 90' lang='lat' dir='ltr'>sint</span> <span class='ocrx_word' id='word_1_147' title='bbox 1146 2546 1272 2623; x_wconf 82' lang='lat' dir='ltr'>scripta,</span> 
     </span>
     <span class='ocr_line' id='line_1_19' title="bbox 189 2660 1275 2739; baseline -0.002 -17"><span class='ocrx_word' id='word_1_148' title='bbox 189 2662 404 2723; x_wconf 85' lang='lat' dir='ltr'>Aristoteliam</span> <span class='ocrx_word' id='word_1_149' title='bbox 425 2665 531 2722; x_wconf 90' lang='lat' dir='ltr'>tamen</span> <span class='ocrx_word' id='word_1_150' title='bbox 552 2661 743 2722; x_wconf 89' lang='lat' dir='ltr'>sententiam</span> <span class='ocrx_word' id='word_1_151' title='bbox 761 2661 854 2721; x_wconf 90' lang='lat' dir='ltr'>nobis</span> <span class='ocrx_word' id='word_1_152' title='bbox 873 2660 1032 2721; x_wconf 63' lang='lat' dir='ltr'>tradunti.</span> <span class='ocrx_word' id='word_1_153' title='bbox 1053 2661 1216 2739; x_wconf 79' lang='lat' dir='ltr'>Colligitur</span> <span class='ocrx_word' id='word_1_154' title='bbox 1237 2678 1275 2720; x_wconf 88' lang='lat' dir='ltr'>ex</span> 
     </span>
     <span class='ocr_line' id='line_1_20' title="bbox 188 2775 1272 2855; baseline -0.001 -18"><span class='ocrx_word' id='word_1_155' title='bbox 188 2777 238 2837; x_wconf 90' lang='lat' dir='ltr'>his</span> <span class='ocrx_word' id='word_1_156' title='bbox 251 2777 331 2838; x_wconf 92' lang='lat' dir='ltr'>nulli</span> <span class='ocrx_word' id='word_1_157' title='bbox 342 2778 388 2838; x_wconf 91' lang='lat' dir='ltr'>rei</span> <span class='ocrx_word' id='word_1_158' title='bbox 400 2777 572 2855; x_wconf 90' lang='lat' dir='ltr'>quidquam</span> <span class='ocrx_word' id='word_1_159' title='bbox 586 2794 654 2837; x_wconf 91' lang='lat' dir='ltr'>esse</span> <span class='ocrx_word' id='word_1_160' title='bbox 669 2776 777 2837; x_wconf 87' lang='lat' dir='ltr'>dextra</span> <span class='ocrx_word' id='word_1_161' title='bbox 789 2780 843 2837; x_wconf 89' lang='lat' dir='ltr'>aut</span> <span class='ocrx_word' id='word_1_162' title='bbox 853 2775 992 2847; x_wconf 88' lang='lat' dir='ltr'>sinistra,</span> <span class='ocrx_word' id='word_1_163' title='bbox 1006 2793 1102 2853; x_wconf 90' lang='lat' dir='ltr'>supra</span> <span class='ocrx_word' id='word_1_164' title='bbox 1115 2779 1168 2836; x_wconf 90' lang='lat' dir='ltr'>aut</span> <span class='ocrx_word' id='word_1_165' title='bbox 1180 2776 1272 2850; x_wconf 85' lang='lat' dir='ltr'>infra,</span> 
     </span>
     <span class='ocr_line' id='line_1_21' title="bbox 188 2890 1274 2968; baseline -0.001 -16"><span class='ocrx_word' id='word_1_166' title='bbox 188 2895 259 2952; x_wconf 88' lang='lat' dir='ltr'>ante</span> <span class='ocrx_word' id='word_1_167' title='bbox 272 2897 325 2953; x_wconf 89' lang='lat' dir='ltr'>aut</span> <span class='ocrx_word' id='word_1_168' title='bbox 334 2895 429 2966; x_wconf 92' lang='lat' dir='ltr'>retro,</span> <span class='ocrx_word' id='word_1_169' title='bbox 440 2892 503 2954; x_wconf 90' lang='lat' dir='ltr'>nisi</span> <span class='ocrx_word' id='word_1_170' title='bbox 516 2891 656 2965; x_wconf 89' lang='lat' dir='ltr'>animali,</span> <span class='ocrx_word' id='word_1_171' title='bbox 673 2891 768 2968; x_wconf 88' lang='lat' dir='ltr'>quod,</span> <span class='ocrx_word' id='word_1_172' title='bbox 786 2908 858 2952; x_wconf 86' lang='lat' dir='ltr'>oum</span> <span class='ocrx_word' id='word_1_173' title='bbox 870 2890 1013 2951; x_wconf 92' lang='lat' dir='ltr'>medium</span> <span class='ocrx_word' id='word_1_174' title='bbox 1028 2890 1148 2968; x_wconf 91' lang='lat' dir='ltr'>aliquid</span> <span class='ocrx_word' id='word_1_175' title='bbox 1160 2890 1274 2951; x_wconf 89' lang='lat' dir='ltr'>habeat</span> 
     </span>
    </p>
   </div>
   <div class='ocr_carea' id='block_1_5' title="bbox 167 3039 1274 4333">
    <p class='ocr_par' dir='ltr' id='par_1_6' title="bbox 188 3039 1273 3204">
     <span class='ocr_line' id='line_1_22' title="bbox 218 3039 1273 3104; baseline -0.001 -15"><span class='ocrx_word' id='word_1_176' title='bbox 218 3041 252 3104; x_wconf 86' lang='lat' dir='ltr'>(l)</span> <span class='ocrx_word' id='word_1_177' title='bbox 269 3044 305 3091; x_wconf 78' lang='lat' dir='ltr'>De</span> <span class='ocrx_word' id='word_1_178' title='bbox 321 3042 403 3098; x_wconf 75' lang='lat' dir='ltr'>calo,</span> <span class='ocrx_word' id='word_1_179' title='bbox 420 3043 438 3101; x_wconf 87' lang='lat'>1,</span> <span class='ocrx_word' id='word_1_180' title='bbox 455 3044 509 3098; x_wconf 88' lang='grc'>271,</span> <span class='ocrx_word' id='word_1_181' title='bbox 523 3055 545 3098; x_wconf 92' lang='lat' dir='ltr'>a,</span> <span class='ocrx_word' id='word_1_182' title='bbox 561 3046 591 3090; x_wconf 83' lang='lat'>26</span> <span class='ocrx_word' id='word_1_183' title='bbox 605 3058 610 3090; x_wconf 96' lang='lat'><strong>:</strong></span> <span class='ocrx_word' id='word_1_184' title='bbox 626 3042 674 3090; x_wconf 79' lang='lat' dir='ltr'>elul</span> <span class='ocrx_word' id='word_1_185' title='bbox 686 3041 713 3089; x_wconf 85' lang='grc' dir='ltr'>δὲ</span> <span class='ocrx_word' id='word_1_186' title='bbox 726 3041 803 3090; x_wconf 86' lang='grc' dir='ltr'>τόπου</span> <span class='ocrx_word' id='word_1_187' title='bbox 818 3040 983 3099; x_wconf 77' lang='grc' dir='ltr'>ἐναντιότητες</span> <span class='ocrx_word' id='word_1_188' title='bbox 997 3039 1025 3089; x_wconf 87' lang='grc' dir='ltr'>τὸ</span> <span class='ocrx_word' id='word_1_189' title='bbox 1038 3042 1088 3089; x_wconf 84' lang='grc' dir='ltr'>ἀνω</span> <span class='ocrx_word' id='word_1_190' title='bbox 1101 3041 1142 3090; x_wconf 85' lang='grc' dir='ltr'>καὶ</span> <span class='ocrx_word' id='word_1_191' title='bbox 1153 3039 1221 3088; x_wconf 83' lang='grc' dir='ltr'>κάτω</span> <span class='ocrx_word' id='word_1_192' title='bbox 1232 3041 1273 3088; x_wconf 81' lang='grc' dir='ltr'>καὶ</span> 
     </span>
     <span class='ocr_line' id='line_1_23' title="bbox 188 3129 912 3204; baseline -0.003 -25"><span class='ocrx_word' id='word_1_193' title='bbox 188 3132 217 3180; x_wconf 90' lang='grc' dir='ltr'>τὸ</span> <span class='ocrx_word' id='word_1_194' title='bbox 227 3130 331 3195; x_wconf 81' lang='grc' dir='ltr'>πρόσθεν</span> <span class='ocrx_word' id='word_1_195' title='bbox 342 3131 383 3180; x_wconf 82' lang='grc' dir='ltr'>ναὶ</span> <span class='ocrx_word' id='word_1_196' title='bbox 394 3131 492 3180; x_wconf 84' lang='grc' dir='ltr'>ὄπισθεν</span> <span class='ocrx_word' id='word_1_197' title='bbox 504 3130 546 3179; x_wconf 87' lang='grc' dir='ltr'>καὶ</span> <span class='ocrx_word' id='word_1_198' title='bbox 559 3131 587 3178; x_wconf 89' lang='grc' dir='ltr'>τὸ</span> <span class='ocrx_word' id='word_1_199' title='bbox 599 3130 676 3185; x_wconf 79' lang='grc' dir='ltr'>δεξιὸν</span> <span class='ocrx_word' id='word_1_200' title='bbox 688 3130 730 3178; x_wconf 80' lang='grc' dir='ltr'>καὶ</span> <span class='ocrx_word' id='word_1_201' title='bbox 742 3129 883 3194; x_wconf 83' lang='grc' dir='ltr'>ἀριστερόν.</span> <span class='ocrx_word' id='word_1_202' title='bbox 909 3195 912 3204; x_wconf 44' lang='grc' dir='ltr'>Ι</span> 
     </span>
    </p>

    <p class='ocr_par' dir='ltr' id='par_1_7' title="bbox 188 3217 1274 3818">
     <span class='ocr_line' id='line_1_24' title="bbox 220 3217 1274 3282; baseline -0.002 -14"><span class='ocrx_word' id='word_1_203' title='bbox 220 3219 253 3282; x_wconf 81' lang='grc'>(2)</span> <span class='ocrx_word' id='word_1_204' title='bbox 267 3219 350 3282; x_wconf 74' lang='lat' dir='ltr'>Phys.</span> <span class='ocrx_word' id='word_1_205' title='bbox 367 3221 408 3279; x_wconf 89' lang='lat' dir='ltr'>IV,</span> <span class='ocrx_word' id='word_1_206' title='bbox 425 3225 484 3278; x_wconf 87' lang='grc'>208,</span> <span class='ocrx_word' id='word_1_207' title='bbox 499 3217 528 3278; x_wconf 85' lang='grc'>1),</span> <span class='ocrx_word' id='word_1_208' title='bbox 544 3222 571 3268; x_wconf 79' lang='grc'>14</span> <span class='ocrx_word' id='word_1_209' title='bbox 588 3237 594 3268; x_wconf 89' lang='lat'>:</span> <span class='ocrx_word' id='word_1_210' title='bbox 611 3219 664 3269; x_wconf 80' lang='grc' dir='ltr'>ἐστι</span> <span class='ocrx_word' id='word_1_211' title='bbox 680 3218 706 3267; x_wconf 81' lang='grc' dir='ltr'>δὲ</span> <span class='ocrx_word' id='word_1_212' title='bbox 722 3217 754 3266; x_wconf 85' lang='grc' dir='ltr'>τὰ</span> <span class='ocrx_word' id='word_1_213' title='bbox 767 3222 870 3266; x_wconf 83' lang='grc' dir='ltr'>τοιαῦτα</span> <span class='ocrx_word' id='word_1_214' title='bbox 884 3218 912 3266; x_wconf 83' lang='grc' dir='ltr'>οὐ</span> <span class='ocrx_word' id='word_1_215' title='bbox 925 3217 999 3280; x_wconf 89' lang='grc' dir='ltr'>μόνον</span> <span class='ocrx_word' id='word_1_216' title='bbox 1015 3218 1074 3282; x_wconf 80' lang='grc' dir='ltr'>πρὸς</span> <span class='ocrx_word' id='word_1_217' title='bbox 1087 3221 1164 3280; x_wconf 81' lang='grc' dir='ltr'>ἡμᾶς,</span> <span class='ocrx_word' id='word_1_218' title='bbox 1179 3219 1206 3264; x_wconf 85' lang='grc' dir='ltr'>τὸ</span> <span class='ocrx_word' id='word_1_219' title='bbox 1222 3218 1274 3266; x_wconf 84' lang='grc' dir='ltr'>ἀνω</span> 
     </span>
     <span class='ocr_line' id='line_1_25' title="bbox 188 3305 1274 3374; baseline -0.003 -17"><span class='ocrx_word' id='word_1_220' title='bbox 188 3310 230 3357; x_wconf 78' lang='grc' dir='ltr'>καὶ</span> <span class='ocrx_word' id='word_1_221' title='bbox 244 3308 311 3357; x_wconf 81' lang='grc' dir='ltr'>κάτω</span> <span class='ocrx_word' id='word_1_222' title='bbox 326 3310 365 3357; x_wconf 80' lang='grc' dir='ltr'>καὶ</span> <span class='ocrx_word' id='word_1_223' title='bbox 380 3310 455 3364; x_wconf 80' lang='grc' dir='ltr'>δεξιὸν</span> <span class='ocrx_word' id='word_1_224' title='bbox 473 3309 514 3357; x_wconf 84' lang='grc' dir='ltr'>καὶ</span> <span class='ocrx_word' id='word_1_225' title='bbox 531 3307 670 3374; x_wconf 81' lang='grc' dir='ltr'>ἀριστερόν·</span> <span class='ocrx_word' id='word_1_226' title='bbox 687 3309 749 3371; x_wconf 81' lang='grc' dir='ltr'>ἡμῖν</span> <span class='ocrx_word' id='word_1_227' title='bbox 765 3307 806 3370; x_wconf 85' lang='grc' dir='ltr'>μὲν</span> <span class='ocrx_word' id='word_1_228' title='bbox 821 3307 866 3371; x_wconf 87' lang='grc' dir='ltr'>γὰρ</span> <span class='ocrx_word' id='word_1_229' title='bbox 885 3306 930 3356; x_wconf 84' lang='grc' dir='ltr'>οὐκ</span> <span class='ocrx_word' id='word_1_230' title='bbox 946 3307 984 3355; x_wconf 79' lang='grc' dir='ltr'>ἀεὶ</span> <span class='ocrx_word' id='word_1_231' title='bbox 1000 3306 1028 3355; x_wconf 88' lang='grc' dir='ltr'>τὸ</span> <span class='ocrx_word' id='word_1_232' title='bbox 1045 3306 1118 3364; x_wconf 84' lang='grc' dir='ltr'>αὐτό,</span> <span class='ocrx_word' id='word_1_233' title='bbox 1133 3305 1195 3354; x_wconf 75' lang='grc' dir='ltr'>ἀλλὰ</span> <span class='ocrx_word' id='word_1_234' title='bbox 1210 3305 1274 3355; x_wconf 76' lang='grc' dir='ltr'>κατὰ</span> 
     </span>
     <span class='ocr_line' id='line_1_26' title="bbox 189 3394 1272 3463; baseline -0.004 -17"><span class='ocrx_word' id='word_1_235' title='bbox 189 3399 233 3456; x_wconf 81' lang='grc' dir='ltr'>τὴν</span> <span class='ocrx_word' id='word_1_236' title='bbox 245 3398 322 3456; x_wconf 75' lang='grc' dir='ltr'>θέσιν,</span> <span class='ocrx_word' id='word_1_237' title='bbox 336 3398 400 3454; x_wconf 83' lang='grc' dir='ltr'>ὅπως</span> <span class='ocrx_word' id='word_1_238' title='bbox 417 3399 445 3446; x_wconf 79' lang='grc' dir='ltr'>ἂν</span> <span class='ocrx_word' id='word_1_239' title='bbox 460 3399 621 3463; x_wconf 82' lang='grc' dir='ltr'>στραφῶμεν,</span> <span class='ocrx_word' id='word_1_240' title='bbox 636 3395 742 3460; x_wconf 79' lang='grc' dir='ltr'>γίνεται,</span> <span class='ocrx_word' id='word_1_241' title='bbox 756 3396 792 3444; x_wconf 83' lang='grc' dir='ltr'>διὸ</span> <span class='ocrx_word' id='word_1_242' title='bbox 806 3397 847 3444; x_wconf 81' lang='grc' dir='ltr'>καὶ</span> <span class='ocrx_word' id='word_1_243' title='bbox 861 3395 934 3445; x_wconf 83' lang='grc' dir='ltr'>ταύτὸ</span> <span class='ocrx_word' id='word_1_244' title='bbox 948 3394 1063 3451; x_wconf 79' lang='grc' dir='ltr'>πολλάκις</span> <span class='ocrx_word' id='word_1_245' title='bbox 1076 3395 1149 3451; x_wconf 79' lang='grc' dir='ltr'>δεξιὸν</span> <span class='ocrx_word' id='word_1_246' title='bbox 1163 3396 1206 3442; x_wconf 78' lang='grc' dir='ltr'>καὶ</span> <span class='ocrx_word' id='word_1_247' title='bbox 1220 3394 1272 3458; x_wconf 83' lang='grc' dir='ltr'>ἀρι-</span> 
     </span>
     <span class='ocr_line' id='line_1_27' title="bbox 188 3482 1274 3552; baseline -0.002 -18"><span class='ocrx_word' id='word_1_248' title='bbox 188 3485 276 3552; x_wconf 85' lang='grc' dir='ltr'>στερόν</span> <span class='ocrx_word' id='word_1_249' title='bbox 291 3486 397 3534; x_wconf 78' lang='grc' dir='ltr'>ἐστικαὶ</span> <span class='ocrx_word' id='word_1_250' title='bbox 413 3488 463 3535; x_wconf 84' lang='grc' dir='ltr'>ἀνω</span> <span class='ocrx_word' id='word_1_251' title='bbox 478 3487 520 3535; x_wconf 86' lang='grc' dir='ltr'>καὶ</span> <span class='ocrx_word' id='word_1_252' title='bbox 535 3486 602 3534; x_wconf 83' lang='grc' dir='ltr'>κόθω</span> <span class='ocrx_word' id='word_1_253' title='bbox 617 3487 659 3534; x_wconf 79' lang='grc' dir='ltr'>καὶ</span> <span class='ocrx_word' id='word_1_254' title='bbox 671 3485 776 3550; x_wconf 83' lang='grc' dir='ltr'>πρόσθεν</span> <span class='ocrx_word' id='word_1_255' title='bbox 790 3486 833 3534; x_wconf 80' lang='grc' dir='ltr'>καὶ</span> <span class='ocrx_word' id='word_1_256' title='bbox 845 3485 954 3534; x_wconf 85' lang='grc' dir='ltr'>ὄπισθεν.</span> <span class='ocrx_word' id='word_1_257' title='bbox 971 3482 1013 3533; x_wconf 84' lang='grc' dir='ltr'>Ἐν</span> <span class='ocrx_word' id='word_1_258' title='bbox 1028 3485 1055 3533; x_wconf 83' lang='grc' dir='ltr'>δὲ</span> <span class='ocrx_word' id='word_1_259' title='bbox 1066 3488 1096 3546; x_wconf 78' lang='grc' dir='ltr'>τῇ</span> <span class='ocrx_word' id='word_1_260' title='bbox 1107 3483 1176 3548; x_wconf 81' lang='grc' dir='ltr'>φύσει</span> <span class='ocrx_word' id='word_1_261' title='bbox 1189 3485 1274 3548; x_wconf 84' lang='grc' dir='ltr'>διώρι-</span> 
     </span>
     <span class='ocr_line' id='line_1_28' title="bbox 188 3571 1273 3640; baseline -0.004 -16"><span class='ocrx_word' id='word_1_262' title='bbox 188 3591 246 3624; x_wconf 87' lang='grc' dir='ltr'>σται</span> <span class='ocrx_word' id='word_1_263' title='bbox 260 3576 331 3639; x_wconf 82' lang='grc' dir='ltr'>χωρὶς</span> <span class='ocrx_word' id='word_1_264' title='bbox 348 3576 462 3625; x_wconf 76' lang='grc' dir='ltr'>ἕκαστον.</span> <span class='ocrx_word' id='word_1_265' title='bbox 477 3575 513 3623; x_wconf 83' lang='grc' dir='ltr'>Οὐ</span> <span class='ocrx_word' id='word_1_266' title='bbox 529 3575 575 3640; x_wconf 79' lang='grc' dir='ltr'>γὰρ</span> <span class='ocrx_word' id='word_1_267' title='bbox 589 3575 602 3623; x_wconf 87' lang='grc' dir='ltr'><strong>ὅ</strong></span> <span class='ocrx_word' id='word_1_268' title='bbox 617 3591 640 3623; x_wconf 89' lang='grc' dir='ltr'>τι</span> <span class='ocrx_word' id='word_1_269' title='bbox 655 3574 743 3639; x_wconf 83' lang='grc' dir='ltr'>ἔτυχέν</span> <span class='ocrx_word' id='word_1_270' title='bbox 758 3574 808 3622; x_wconf 85' lang='grc' dir='ltr'>ἐστι</span> <span class='ocrx_word' id='word_1_271' title='bbox 823 3574 852 3622; x_wconf 86' lang='grc' dir='ltr'>τὸ</span> <span class='ocrx_word' id='word_1_272' title='bbox 865 3574 929 3634; x_wconf 85' lang='grc' dir='ltr'>ἅνω,</span> <span class='ocrx_word' id='word_1_273' title='bbox 944 3571 1062 3623; x_wconf 76' lang='grc' dir='ltr'>ἀλλ’όπον</span> <span class='ocrx_word' id='word_1_274' title='bbox 1075 3574 1168 3636; x_wconf 85' lang='grc' dir='ltr'>φέρεται</span> <span class='ocrx_word' id='word_1_275' title='bbox 1184 3573 1212 3621; x_wconf 87' lang='grc' dir='ltr'>τὸ</span> <span class='ocrx_word' id='word_1_276' title='bbox 1225 3577 1273 3638; x_wconf 85' lang='grc' dir='ltr'>πῦρ</span> 
     </span>
     <span class='ocr_line' id='line_1_29' title="bbox 188 3661 1274 3727; baseline -0.002 -15"><span class='ocrx_word' id='word_1_277' title='bbox 188 3665 230 3712; x_wconf 84' lang='grc' dir='ltr'>καὶ</span> <span class='ocrx_word' id='word_1_278' title='bbox 247 3664 275 3712; x_wconf 86' lang='grc' dir='ltr'>τὸ</span> <span class='ocrx_word' id='word_1_279' title='bbox 291 3668 389 3726; x_wconf 76' lang='grc' dir='ltr'>κοῦφον·</span> <span class='ocrx_word' id='word_1_280' title='bbox 404 3663 492 3727; x_wconf 80' lang='grc' dir='ltr'>ὁμοίως</span> <span class='ocrx_word' id='word_1_281' title='bbox 506 3663 531 3713; x_wconf 87' lang='grc' dir='ltr'>δὲ</span> <span class='ocrx_word' id='word_1_282' title='bbox 547 3665 589 3712; x_wconf 84' lang='grc' dir='ltr'>καὶ</span> <span class='ocrx_word' id='word_1_283' title='bbox 609 3662 636 3710; x_wconf 84' lang='grc' dir='ltr'>τὸ</span> <span class='ocrx_word' id='word_1_284' title='bbox 654 3661 722 3711; x_wconf 79' lang='grc' dir='ltr'>κάτω</span> <span class='ocrx_word' id='word_1_285' title='bbox 739 3663 785 3726; x_wconf 80' lang='grc' dir='ltr'>οὐχ</span> <span class='ocrx_word' id='word_1_286' title='bbox 802 3663 815 3710; x_wconf 91' lang='grc' dir='ltr'>ό</span> <span class='ocrx_word' id='word_1_287' title='bbox 830 3679 853 3711; x_wconf 95' lang='grc' dir='ltr'>τι</span> <span class='ocrx_word' id='word_1_288' title='bbox 871 3662 971 3726; x_wconf 80' lang='grc' dir='ltr'>ἔτυχεν,</span> <span class='ocrx_word' id='word_1_289' title='bbox 987 3661 1043 3710; x_wconf 73' lang='grc' dir='ltr'>ἀλλ’</span> <span class='ocrx_word' id='word_1_290' title='bbox 1057 3661 1118 3711; x_wconf 82' lang='grc' dir='ltr'>ὅπου</span> <span class='ocrx_word' id='word_1_291' title='bbox 1137 3661 1168 3709; x_wconf 85' lang='grc' dir='ltr'>τὰ</span> <span class='ocrx_word' id='word_1_292' title='bbox 1186 3661 1274 3724; x_wconf 84' lang='grc' dir='ltr'>ἔχοντα</span> 
     </span>
     <span class='ocr_line' id='line_1_30' title="bbox 189 3749 1240 3818; baseline -0.002 -18"><span class='ocrx_word' id='word_1_293' title='bbox 189 3752 265 3816; x_wconf 79' lang='grc' dir='ltr'>βάρος</span> <span class='ocrx_word' id='word_1_294' title='bbox 281 3753 323 3800; x_wconf 82' lang='grc' dir='ltr'>καὶ</span> <span class='ocrx_word' id='word_1_295' title='bbox 335 3752 366 3800; x_wconf 87' lang='grc' dir='ltr'>τὰ</span> <span class='ocrx_word' id='word_1_296' title='bbox 380 3752 467 3818; x_wconf 72' lang='grc' dir='ltr'>γεηρόι,</span> <span class='ocrx_word' id='word_1_297' title='bbox 484 3756 515 3806; x_wconf 75' lang='grc' dir='ltr'>ὡς</span> <span class='ocrx_word' id='word_1_298' title='bbox 529 3753 557 3802; x_wconf 85' lang='grc' dir='ltr'>οθ</span> <span class='ocrx_word' id='word_1_299' title='bbox 570 3757 600 3816; x_wconf 82' lang='grc' dir='ltr'>τῇ</span> <span class='ocrx_word' id='word_1_300' title='bbox 615 3753 679 3802; x_wconf 83' lang='grc' dir='ltr'>θέσει</span> <span class='ocrx_word' id='word_1_301' title='bbox 694 3752 841 3816; x_wconf 73' lang='grc' dir='ltr'>διαφέροντα</span> <span class='ocrx_word' id='word_1_302' title='bbox 854 3751 941 3814; x_wconf 84' lang='grc' dir='ltr'>μόνον,</span> <span class='ocrx_word' id='word_1_303' title='bbox 956 3750 1071 3799; x_wconf 77' lang='grc' dir='ltr'><strong>ἀλλὰκαὶ</strong></span> <span class='ocrx_word' id='word_1_304' title='bbox 1085 3755 1114 3813; x_wconf 79' lang='grc' dir='ltr'>τῇ</span> <span class='ocrx_word' id='word_1_305' title='bbox 1128 3749 1240 3813; x_wconf 84' lang='grc' dir='ltr'>δυνάμει.</span> 
     </span>
    </p>

    <p class='ocr_par' dir='ltr' id='par_1_8' title="bbox 188 3838 1273 4082">
     <span class='ocr_line' id='line_1_31' title="bbox 220 3838 1273 3902; baseline -0.003 -13"><span class='ocrx_word' id='word_1_306' title='bbox 220 3839 254 3902; x_wconf 75' lang='grc'>13)</span> <span class='ocrx_word' id='word_1_307' title='bbox 269 3842 303 3889; x_wconf 79' lang='lat' dir='ltr'>De</span> <span class='ocrx_word' id='word_1_308' title='bbox 320 3841 403 3899; x_wconf 77' lang='lat' dir='ltr'>Caelo,</span> <span class='ocrx_word' id='word_1_309' title='bbox 418 3842 450 3898; x_wconf 92' lang='lat' dir='ltr'>ll,</span> <span class='ocrx_word' id='word_1_310' title='bbox 464 3845 517 3898; x_wconf 84' lang='grc'>281,</span> <span class='ocrx_word' id='word_1_311' title='bbox 532 3839 557 3900; x_wconf 89' lang='lat' dir='ltr'>b,</span> <span class='ocrx_word' id='word_1_312' title='bbox 573 3846 602 3891; x_wconf 86' lang='lat'>30</span> <span class='ocrx_word' id='word_1_313' title='bbox 619 3858 624 3890; x_wconf 94' lang='lat'><strong>:</strong></span> <span class='ocrx_word' id='word_1_314' title='bbox 638 3841 675 3889; x_wconf 84' lang='grc' dir='ltr'>διὸ</span> <span class='ocrx_word' id='word_1_315' title='bbox 688 3841 730 3889; x_wconf 84' lang='grc' dir='ltr'>καὶ</span> <span class='ocrx_word' id='word_1_316' title='bbox 742 3839 786 3889; x_wconf 81' lang='grc' dir='ltr'>οὐκ</span> <span class='ocrx_word' id='word_1_317' title='bbox 796 3841 820 3887; x_wconf 83' lang='grc' dir='ltr'>ἐν</span> <span class='ocrx_word' id='word_1_318' title='bbox 833 3840 924 3888; x_wconf 77' lang='grc' dir='ltr'>ἅπαντι</span> <span class='ocrx_word' id='word_1_319' title='bbox 937 3840 1035 3902; x_wconf 86' lang='grc' dir='ltr'>σώματι</span> <span class='ocrx_word' id='word_1_320' title='bbox 1048 3839 1077 3887; x_wconf 89' lang='grc' dir='ltr'>τθ</span> <span class='ocrx_word' id='word_1_321' title='bbox 1089 3838 1138 3888; x_wconf 77' lang='grc' dir='ltr'>ἅνω</span> <span class='ocrx_word' id='word_1_322' title='bbox 1149 3839 1190 3886; x_wconf 80' lang='grc' dir='ltr'>καὶ</span> <span class='ocrx_word' id='word_1_323' title='bbox 1203 3838 1273 3886; x_wconf 83' lang='grc' dir='ltr'>κάτω</span> 
     </span>
     <span class='ocr_line' id='line_1_32' title="bbox 188 3926 1273 3995; baseline 0 -19"><span class='ocrx_word' id='word_1_324' title='bbox 188 3929 229 3976; x_wconf 71' lang='lat' dir='ltr'>nai</span> <span class='ocrx_word' id='word_1_325' title='bbox 240 3929 268 3978; x_wconf 84' lang='grc' dir='ltr'>τὸ</span> <span class='ocrx_word' id='word_1_326' title='bbox 278 3929 352 3986; x_wconf 78' lang='grc' dir='ltr'>δεξιὸν</span> <span class='ocrx_word' id='word_1_327' title='bbox 364 3930 404 3978; x_wconf 84' lang='grc' dir='ltr'>καὶ</span> <span class='ocrx_word' id='word_1_328' title='bbox 418 3929 544 3995; x_wconf 85' lang='grc' dir='ltr'>ἀριστερὸν</span> <span class='ocrx_word' id='word_1_329' title='bbox 555 3931 595 3978; x_wconf 75' lang='grc' dir='ltr'>καὶ</span> <span class='ocrx_word' id='word_1_330' title='bbox 607 3929 635 3978; x_wconf 89' lang='grc' dir='ltr'>τὸ</span> <span class='ocrx_word' id='word_1_331' title='bbox 648 3929 783 3993; x_wconf 83' lang='grc' dir='ltr'>ἔμπροσθεν</span> <span class='ocrx_word' id='word_1_332' title='bbox 793 3929 835 3977; x_wconf 82' lang='grc' dir='ltr'>καὶ</span> <span class='ocrx_word' id='word_1_333' title='bbox 850 3928 949 3977; x_wconf 87' lang='grc' dir='ltr'>ὄπισθεν</span> <span class='ocrx_word' id='word_1_334' title='bbox 961 3928 1089 3987; x_wconf 81' lang='grc' dir='ltr'>ζητητέον,</span> <span class='ocrx_word' id='word_1_335' title='bbox 1105 3926 1210 3975; x_wconf 78' lang='grc' dir='ltr'>ἀλλ’όσσ.</span> <span class='ocrx_word' id='word_1_336' title='bbox 1222 3927 1273 3991; x_wconf 82' lang='grc' dir='ltr'>ἔχει</span> 
     </span>
     <span class='ocr_line' id='line_1_33' title="bbox 188 4017 746 4082; baseline 0.002 -17"><span class='ocrx_word' id='word_1_337' title='bbox 188 4017 306 4075; x_wconf 79' lang='grc' dir='ltr'>κινήσεως</span> <span class='ocrx_word' id='word_1_338' title='bbox 321 4018 397 4082; x_wconf 82' lang='grc' dir='ltr'>ἀρχὴν</span> <span class='ocrx_word' id='word_1_339' title='bbox 410 4017 434 4066; x_wconf 86' lang='grc' dir='ltr'>ἐν</span> <span class='ocrx_word' id='word_1_340' title='bbox 446 4019 529 4074; x_wconf 80' lang='grc' dir='ltr'>αὑτοῖς</span> <span class='ocrx_word' id='word_1_341' title='bbox 541 4017 640 4081; x_wconf 82' lang='grc' dir='ltr'>ἔμψυχα</span> <span class='ocrx_word' id='word_1_342' title='bbox 655 4018 746 4067; x_wconf 82' lang='grc' dir='ltr'>ὄντα...</span> 
     </span>
    </p>

    <p class='ocr_par' dir='ltr' id='par_1_9' title="bbox 221 4102 1208 4168">
     <span class='ocr_line' id='line_1_34' title="bbox 221 4102 1208 4168; baseline -0.001 -15"><span class='ocrx_word' id='word_1_343' title='bbox 221 4105 254 4167; x_wconf 78' lang='lat' dir='ltr'>(l)</span> <span class='ocrx_word' id='word_1_344' title='bbox 271 4106 306 4155; x_wconf 88' lang='lat' dir='ltr'>De</span> <span class='ocrx_word' id='word_1_345' title='bbox 320 4107 496 4156; x_wconf 83' lang='lat' dir='ltr'>Generatione</span> <span class='ocrx_word' id='word_1_346' title='bbox 511 4106 693 4168; x_wconf 79' lang='lat' dir='ltr'>Autneelt&#39;um,</span> <span class='ocrx_word' id='word_1_347' title='bbox 707 4107 731 4164; x_wconf 92' lang='grc' dir='ltr'>Ι,</span> <span class='ocrx_word' id='word_1_348' title='bbox 750 4110 828 4164; x_wconf 70' lang='grc'>1215.</span> <span class='ocrx_word' id='word_1_349' title='bbox 843 4102 880 4155; x_wconf 81' lang='lat' dir='ltr'>ef.</span> <span class='ocrx_word' id='word_1_350' title='bbox 898 4106 968 4154; x_wconf 78' lang='lat' dir='ltr'>Hist.</span> <span class='ocrx_word' id='word_1_351' title='bbox 984 4105 1071 4154; x_wconf 75' lang='lat' dir='ltr'>Aulai.</span> <span class='ocrx_word' id='word_1_352' title='bbox 1089 4106 1112 4163; x_wconf 91' lang='lat'>1,</span> <span class='ocrx_word' id='word_1_353' title='bbox 1129 4106 1208 4158; x_wconf 83' lang='lat'>12,12.</span> 
     </span>
    </p>

    <p class='ocr_par' dir='ltr' id='par_1_10' title="bbox 167 4191 1273 4258">
     <span class='ocr_line' id='line_1_35' title="bbox 167 4191 1273 4258; baseline -0.002 -15"><span class='ocrx_word' id='word_1_354' title='bbox 167 4228 170 4232; x_wconf 94' lang='lat'>-</span> <span class='ocrx_word' id='word_1_355' title='bbox 221 4193 254 4257; x_wconf 88' lang='lat'>(5)</span> <span class='ocrx_word' id='word_1_356' title='bbox 272 4198 309 4244; x_wconf 83' lang='lat' dir='ltr'>De</span> <span class='ocrx_word' id='word_1_357' title='bbox 328 4196 446 4245; x_wconf 68' lang='lat' dir='ltr'>Metione</span> <span class='ocrx_word' id='word_1_358' title='bbox 460 4193 638 4256; x_wconf 77' lang='lat' dir='ltr'>Animallttm,</span> <span class='ocrx_word' id='word_1_359' title='bbox 653 4197 711 4254; x_wconf 86' lang='lat'>702,</span> <span class='ocrx_word' id='word_1_360' title='bbox 726 4192 755 4252; x_wconf 91' lang='lat' dir='ltr'>b,</span> <span class='ocrx_word' id='word_1_361' title='bbox 773 4198 799 4242; x_wconf 91' lang='grc'>17</span> <span class='ocrx_word' id='word_1_362' title='bbox 817 4211 822 4244; x_wconf 89' lang='lat'>:</span> <span class='ocrx_word' id='word_1_363' title='bbox 839 4193 930 4256; x_wconf 81' lang='grc' dir='ltr'>ὁμοίως</span> <span class='ocrx_word' id='word_1_364' title='bbox 944 4192 1020 4256; x_wconf 78' lang='grc' dir='ltr'>δ’ἔχει</span> <span class='ocrx_word' id='word_1_365' title='bbox 1034 4192 1093 4258; x_wconf 82' lang='grc' dir='ltr'>πρὸς</span> <span class='ocrx_word' id='word_1_366' title='bbox 1107 4191 1150 4248; x_wconf 81' lang='grc' dir='ltr'>τὰς</span> <span class='ocrx_word' id='word_1_367' title='bbox 1168 4191 1273 4250; x_wconf 81' lang='grc' dir='ltr'>κινήσεις</span> 
     </span>
    </p>

    <p class='ocr_par' dir='ltr' id='par_1_11' title="bbox 191 4282 382 4333">
     <span class='ocr_line' id='line_1_36' title="bbox 191 4282 382 4333; baseline 0.005 -2"><span class='ocrx_word' id='word_1_368' title='bbox 191 4282 265 4332; x_wconf 82' lang='grc' dir='ltr'>ιιέσον</span> <span class='ocrx_word' id='word_1_369' title='bbox 279 4289 382 4333; x_wconf 83' lang='grc' dir='ltr'>τοῦτο...</span> 
     </span>
    </p>
   </div>
   <div class='ocr_carea' id='block_1_6' title="bbox 0 0 1584 5054">
    <p class='ocr_par' dir='ltr' id='par_1_12' title="bbox 0 0 1584 5054">
     <span class='ocr_line' id='line_1_37' title="bbox 0 0 1584 5054; baseline 0 1"><span class='ocrx_word' id='word_1_370' title='bbox 0 0 1584 5054; x_wconf 95' lang='lat' dir='ltr'> </span> 
     </span>
    </p>
   </div>
  </div>
 </body>
</html>
