<?xml version="1.0" encoding="UTF-8"?>
<!DOCTYPE html PUBLIC "-//W3C//DTD XHTML 1.0 Transitional//EN"
    "http://www.w3.org/TR/xhtml1/DTD/xhtml1-transitional.dtd">
<html xmlns="http://www.w3.org/1999/xhtml" xml:lang="en" lang="en">
 <head>
  <title>
</title>
<meta http-equiv="Content-Type" content="text/html;charset=utf-8" />
  <meta name='ocr-system' content='tesseract 3.04.00' />
  <meta name='ocr-capabilities' content='ocr_page ocr_carea ocr_par ocr_line ocrx_word'/>
</head>
<body>
  <div class='ocr_page' id='page_1' title='image "./quidaristoteles00berggoog_0073.png"; bbox 0 0 3160 5054; ppageno 0'>
   <div class='ocr_carea' id='block_1_1' title="bbox 277 473 973 532">
    <p class='ocr_par' dir='ltr' id='par_1_1' title="bbox 277 473 973 532">
     <span class='ocr_line' id='line_1_1' title="bbox 277 473 973 532; baseline -0.001 -6"><span class='ocrx_word' id='word_1_1' title='bbox 277 483 307 527; x_wconf 79' lang='lat' dir='ltr'>bl</span> <span class='ocrx_word' id='word_1_2' title='bbox 657 475 743 532; x_wconf 76' lang='lat' dir='ltr'>uuio</span> <span class='ocrx_word' id='word_1_3' title='bbox 759 473 973 525; x_wconf 74' lang='lat' dir='ltr'>ARISTOTELES</span> 
     </span>
    </p>
   </div>
   <div class='ocr_carea' id='block_1_2' title="bbox 275 617 1365 2541">
    <p class='ocr_par' dir='ltr' id='par_1_2' title="bbox 275 617 1365 1844">
     <span class='ocr_line' id='line_1_2' title="bbox 275 617 1361 696; baseline -0.003 -15"><span class='ocrx_word' id='word_1_4' title='bbox 275 623 319 681; x_wconf 91' lang='lat' dir='ltr'>tio</span> <span class='ocrx_word' id='word_1_5' title='bbox 341 623 448 681; x_wconf 89' lang='lat' dir='ltr'>nostra</span> <span class='ocrx_word' id='word_1_6' title='bbox 469 619 639 679; x_wconf 75' lang='lat' dir='ltr'>dirimitur.</span> <span class='ocrx_word' id='word_1_7' title='bbox 667 618 722 677; x_wconf 89' lang='lat' dir='ltr'>llis</span> <span class='ocrx_word' id='word_1_8' title='bbox 741 617 871 696; x_wconf 88' lang='lat' dir='ltr'>positis,</span> <span class='ocrx_word' id='word_1_9' title='bbox 902 633 974 677; x_wconf 92' lang='lat' dir='ltr'>ecce</span> <span class='ocrx_word' id='word_1_10' title='bbox 997 634 1048 677; x_wconf 92' lang='lat' dir='ltr'>res</span> <span class='ocrx_word' id='word_1_11' title='bbox 1073 617 1209 678; x_wconf 80' lang='lat' dir='ltr'>eflicitur</span> <span class='ocrx_word' id='word_1_12' title='bbox 1227 617 1308 676; x_wconf 89' lang='lat' dir='ltr'>mira</span> <span class='ocrx_word' id='word_1_13' title='bbox 1326 635 1361 678; x_wconf 86' lang='lat' dir='ltr'>ac</span> 
     </span>
     <span class='ocr_line' id='line_1_3' title="bbox 275 720 1361 815; baseline -0.004 -19"><span class='ocrx_word' id='word_1_14' title='bbox 275 753 365 815; x_wconf 87' lang='lat' dir='ltr'>paene</span> <span class='ocrx_word' id='word_1_15' title='bbox 379 733 574 794; x_wconf 90' lang='lat' dir='ltr'>incredibilis</span> <span class='ocrx_word' id='word_1_16' title='bbox 591 750 597 792; x_wconf 95' lang='lat'>:</span> <span class='ocrx_word' id='word_1_17' title='bbox 613 749 650 793; x_wconf 88' lang='lat' dir='ltr'>ea</span> <span class='ocrx_word' id='word_1_18' title='bbox 662 731 847 793; x_wconf 90' lang='lat' dir='ltr'>condicione</span> <span class='ocrx_word' id='word_1_19' title='bbox 868 720 1066 810; x_wconf 67' lang='lat' dir='ltr'>corpus&#39;loco</span> <span class='ocrx_word' id='word_1_20' title='bbox 1082 732 1195 811; x_wconf 88' lang='lat' dir='ltr'>potiri,</span> <span class='ocrx_word' id='word_1_21' title='bbox 1213 736 1248 793; x_wconf 90' lang='lat' dir='ltr'>ut</span> <span class='ocrx_word' id='word_1_22' title='bbox 1262 749 1280 792; x_wconf 90' lang='lat' dir='ltr'>a</span> <span class='ocrx_word' id='word_1_23' title='bbox 1293 732 1361 792; x_wconf 90' lang='lat' dir='ltr'>loco</span> 
     </span>
     <span class='ocr_line' id='line_1_4' title="bbox 275 847 1361 926; baseline -0.005 -14"><span class='ocrx_word' id='word_1_24' title='bbox 275 850 368 912; x_wconf 86' lang='lat' dir='ltr'>absit.</span> <span class='ocrx_word' id='word_1_25' title='bbox 384 849 509 910; x_wconf 80' lang='lat' dir='ltr'>Inclusa</span> <span class='ocrx_word' id='word_1_26' title='bbox 518 849 604 910; x_wconf 90' lang='lat' dir='ltr'>enim</span> <span class='ocrx_word' id='word_1_27' title='bbox 616 866 667 908; x_wconf 91' lang='lat' dir='ltr'>res</span> <span class='ocrx_word' id='word_1_28' title='bbox 680 851 757 908; x_wconf 93' lang='lat' dir='ltr'>tunc</span> <span class='ocrx_word' id='word_1_29' title='bbox 767 847 969 926; x_wconf 87' lang='lat' dir='ltr'>potissimum</span> <span class='ocrx_word' id='word_1_30' title='bbox 981 851 1128 926; x_wconf 75' lang='lat' dir='ltr'>tangente</span> <span class='ocrx_word' id='word_1_31' title='bbox 1140 851 1172 907; x_wconf 94' lang='lat' dir='ltr'>et</span> <span class='ocrx_word' id='word_1_32' title='bbox 1182 847 1361 908; x_wconf 80' lang='lat' dir='ltr'>continente</span> 
     </span>
     <span class='ocr_line' id='line_1_5' title="bbox 277 961 1362 1044; baseline -0.005 -17"><span class='ocrx_word' id='word_1_33' title='bbox 277 965 444 1044; x_wconf 86' lang='lat' dir='ltr'>superficie</span> <span class='ocrx_word' id='word_1_34' title='bbox 467 964 697 1043; x_wconf 86' lang='lat' dir='ltr'>tanquamloco</span> <span class='ocrx_word' id='word_1_35' title='bbox 722 965 828 1023; x_wconf 87' lang='lat' dir='ltr'>utetur</span> <span class='ocrx_word' id='word_1_36' title='bbox 848 979 921 1024; x_wconf 91' lang='lat' dir='ltr'>cum</span> <span class='ocrx_word' id='word_1_37' title='bbox 941 963 1080 1023; x_wconf 85' lang='lat' dir='ltr'>discessu</span> <span class='ocrx_word' id='word_1_38' title='bbox 1102 980 1158 1023; x_wconf 90' lang='lat' dir='ltr'>suo</span> <span class='ocrx_word' id='word_1_39' title='bbox 1178 961 1362 1023; x_wconf 88' lang='lat' dir='ltr'>societatem</span> 
     </span>
     <span class='ocr_line' id='line_1_6' title="bbox 277 1057 1362 1158; baseline -0.003 -18"><span class='ocrx_word' id='word_1_40' title='bbox 277 1081 407 1140; x_wconf 88' lang='lat' dir='ltr'>dirimet</span> <span class='ocrx_word' id='word_1_41' title='bbox 424 1097 431 1140; x_wconf 77' lang='grc' dir='ltr'><strong><em>ε</em></strong></span> <span class='ocrx_word' id='word_1_42' title='bbox 452 1083 484 1139; x_wconf 87' lang='lat' dir='ltr'>at</span> <span class='ocrx_word' id='word_1_43' title='bbox 495 1079 560 1158; x_wconf 89' lang='lat' dir='ltr'>jam</span> <span class='ocrx_word' id='word_1_44' title='bbox 575 1077 686 1139; x_wconf 90' lang='lat' dir='ltr'>eadem</span> <span class='ocrx_word' id='word_1_45' title='bbox 705 1077 872 1156; x_wconf 86' lang='lat' dir='ltr'>superficie</span> <span class='ocrx_word' id='word_1_46' title='bbox 891 1095 994 1154; x_wconf 87' lang='lat' dir='ltr'>neque</span> <span class='ocrx_word' id='word_1_47' title='bbox 1010 1081 1154 1156; x_wconf 78' lang='lat' dir='ltr'>tangetur</span> <span class='ocrx_word' id='word_1_48' title='bbox 1168 1095 1270 1156; x_wconf 90' lang='lat' dir='ltr'>neque</span> <span class='ocrx_word' id='word_1_49' title='bbox 1291 1057 1362 1138; x_wconf 89' lang='lat' dir='ltr'>con-</span> 
     </span>
     <span class='ocr_line' id='line_1_7' title="bbox 276 1193 1362 1273; baseline -0.003 -18"><span class='ocrx_word' id='word_1_50' title='bbox 276 1196 439 1257; x_wconf 90' lang='lat' dir='ltr'>tinebitur.</span> <span class='ocrx_word' id='word_1_51' title='bbox 456 1198 587 1273; x_wconf 85' lang='lat' dir='ltr'>Oportet</span> <span class='ocrx_word' id='word_1_52' title='bbox 603 1194 700 1272; x_wconf 82' lang='lat' dir='ltr'>igitur</span> <span class='ocrx_word' id='word_1_53' title='bbox 714 1196 768 1255; x_wconf 86' lang='lat' dir='ltr'>aut</span> <span class='ocrx_word' id='word_1_54' title='bbox 786 1210 901 1271; x_wconf 89' lang='lat' dir='ltr'>corpus</span> <span class='ocrx_word' id='word_1_55' title='bbox 916 1195 985 1254; x_wconf 91' lang='lat' dir='ltr'>loco</span> <span class='ocrx_word' id='word_1_56' title='bbox 1001 1211 1057 1254; x_wconf 93' lang='lat' dir='ltr'>suo</span> <span class='ocrx_word' id='word_1_57' title='bbox 1071 1193 1167 1272; x_wconf 87' lang='lat' dir='ltr'>potiri</span> <span class='ocrx_word' id='word_1_58' title='bbox 1184 1193 1269 1253; x_wconf 88' lang='lat' dir='ltr'>dicas</span> <span class='ocrx_word' id='word_1_59' title='bbox 1290 1211 1362 1254; x_wconf 91' lang='lat' dir='ltr'>cum</span> 
     </span>
     <span class='ocr_line' id='line_1_8' title="bbox 278 1307 1360 1387; baseline -0.004 -15"><span class='ocrx_word' id='word_1_60' title='bbox 278 1311 390 1372; x_wconf 88' lang='lat' dir='ltr'>aloco</span> <span class='ocrx_word' id='word_1_61' title='bbox 413 1327 470 1372; x_wconf 90' lang='lat' dir='ltr'>suo</span> <span class='ocrx_word' id='word_1_62' title='bbox 495 1309 643 1384; x_wconf 87' lang='lat' dir='ltr'>discedit,</span> <span class='ocrx_word' id='word_1_63' title='bbox 667 1307 753 1387; x_wconf 92' lang='lat' dir='ltr'>quod</span> <span class='ocrx_word' id='word_1_64' title='bbox 776 1307 907 1368; x_wconf 92' lang='lat' dir='ltr'>omnino</span> <span class='ocrx_word' id='word_1_65' title='bbox 932 1308 1148 1368; x_wconf 85' lang='lat' dir='ltr'>videturesse</span> <span class='ocrx_word' id='word_1_66' title='bbox 1172 1308 1360 1383; x_wconf 87' lang='lat' dir='ltr'>absurdum,</span> 
     </span>
     <span class='ocr_line' id='line_1_9' title="bbox 278 1422 1364 1501; baseline -0.004 -15"><span class='ocrx_word' id='word_1_67' title='bbox 278 1430 330 1488; x_wconf 85' lang='lat' dir='ltr'>aut</span> <span class='ocrx_word' id='word_1_68' title='bbox 349 1426 455 1487; x_wconf 90' lang='lat' dir='ltr'>locum</span> <span class='ocrx_word' id='word_1_69' title='bbox 468 1424 575 1486; x_wconf 90' lang='lat' dir='ltr'>credas</span> <span class='ocrx_word' id='word_1_70' title='bbox 593 1441 662 1485; x_wconf 88' lang='lat' dir='ltr'>esse</span> <span class='ocrx_word' id='word_1_71' title='bbox 685 1422 854 1498; x_wconf 88' lang='lat' dir='ltr'>mobilem,</span> <span class='ocrx_word' id='word_1_72' title='bbox 876 1423 930 1500; x_wconf 89' lang='lat' dir='ltr'>qui</span> <span class='ocrx_word' id='word_1_73' title='bbox 952 1440 1065 1501; x_wconf 88' lang='lat' dir='ltr'>corpus</span> <span class='ocrx_word' id='word_1_74' title='bbox 1085 1423 1239 1501; x_wconf 88' lang='lat' dir='ltr'>sequitur,</span> <span class='ocrx_word' id='word_1_75' title='bbox 1265 1424 1364 1484; x_wconf 91' lang='lat' dir='ltr'>conti-</span> 
     </span>
     <span class='ocr_line' id='line_1_10' title="bbox 277 1538 1365 1613; baseline -0.003 -12"><span class='ocrx_word' id='word_1_76' title='bbox 277 1541 382 1601; x_wconf 90' lang='lat' dir='ltr'>nentis</span> <span class='ocrx_word' id='word_1_77' title='bbox 397 1541 443 1601; x_wconf 91' lang='lat' dir='ltr'>rei</span> <span class='ocrx_word' id='word_1_78' title='bbox 460 1539 642 1600; x_wconf 90' lang='lat' dir='ltr'>terminum.</span> <span class='ocrx_word' id='word_1_79' title='bbox 658 1541 724 1598; x_wconf 91' lang='lat' dir='ltr'>Hoc</span> <span class='ocrx_word' id='word_1_80' title='bbox 740 1543 849 1600; x_wconf 90' lang='lat' dir='ltr'>autem</span> <span class='ocrx_word' id='word_1_81' title='bbox 871 1539 898 1598; x_wconf 91' lang='lat' dir='ltr'>si</span> <span class='ocrx_word' id='word_1_82' title='bbox 919 1538 1097 1613; x_wconf 72' lang='lat' dir='ltr'>existimem,</span> <span class='ocrx_word' id='word_1_83' title='bbox 1121 1539 1159 1598; x_wconf 89' lang='lat' dir='ltr'>ab</span> <span class='ocrx_word' id='word_1_84' title='bbox 1182 1538 1365 1599; x_wconf 81' lang='lat' dir='ltr'>Aristotelia</span> 
     </span>
     <span class='ocr_line' id='line_1_11' title="bbox 279 1654 1363 1734; baseline -0.004 -18"><span class='ocrx_word' id='word_1_85' title='bbox 279 1656 479 1726; x_wconf 88' lang='lat' dir='ltr'>definitione,</span> <span class='ocrx_word' id='word_1_86' title='bbox 499 1673 569 1733; x_wconf 87' lang='lat' dir='ltr'>quae</span> <span class='ocrx_word' id='word_1_87' title='bbox 584 1655 651 1715; x_wconf 86' lang='lat' dir='ltr'>vult</span> <span class='ocrx_word' id='word_1_88' title='bbox 668 1655 774 1714; x_wconf 89' lang='lat' dir='ltr'>locum</span> <span class='ocrx_word' id='word_1_89' title='bbox 787 1654 928 1734; x_wconf 92' lang='lat' dir='ltr'>primum</span> <span class='ocrx_word' id='word_1_90' title='bbox 943 1671 1012 1715; x_wconf 88' lang='lat' dir='ltr'>esse</span> <span class='ocrx_word' id='word_1_91' title='bbox 1028 1655 1201 1715; x_wconf 90' lang='lat' dir='ltr'>terminum</span> <span class='ocrx_word' id='word_1_92' title='bbox 1217 1654 1363 1714; x_wconf 89' lang='lat' dir='ltr'>immobi-</span> 
     </span>
     <span class='ocr_line' id='line_1_12' title="bbox 276 1769 506 1844; baseline -0.004 -14"><span class='ocrx_word' id='word_1_93' title='bbox 276 1772 354 1844; x_wconf 71' lang='lat' dir='ltr'>lem,</span> <span class='ocrx_word' id='word_1_94' title='bbox 373 1769 506 1830; x_wconf 84' lang='lat' dir='ltr'>recedis.</span> 
     </span>
    </p>

    <p class='ocr_par' dir='ltr' id='par_1_3' title="bbox 278 1885 1364 2541">
     <span class='ocr_line' id='line_1_13' title="bbox 317 1885 1363 1964; baseline 0.002 -18"><span class='ocrx_word' id='word_1_95' title='bbox 317 1885 365 1946; x_wconf 80' lang='lat' dir='ltr'>Ad</span> <span class='ocrx_word' id='word_1_96' title='bbox 385 1903 557 1958; x_wconf 87' lang='lat' dir='ltr'>summam,</span> <span class='ocrx_word' id='word_1_97' title='bbox 575 1902 689 1964; x_wconf 90' lang='lat' dir='ltr'>corpus</span> <span class='ocrx_word' id='word_1_98' title='bbox 712 1886 832 1946; x_wconf 88' lang='lat' dir='ltr'>mobile</span> <span class='ocrx_word' id='word_1_99' title='bbox 851 1885 1010 1946; x_wconf 91' lang='lat' dir='ltr'>immobili</span> <span class='ocrx_word' id='word_1_100' title='bbox 1026 1887 1218 1947; x_wconf 87' lang='lat' dir='ltr'>continentis</span> <span class='ocrx_word' id='word_1_101' title='bbox 1238 1887 1284 1947; x_wconf 92' lang='lat' dir='ltr'>rei</span> <span class='ocrx_word' id='word_1_102' title='bbox 1303 1891 1363 1948; x_wconf 90' lang='lat' dir='ltr'>ter-</span> 
     </span>
     <span class='ocr_line' id='line_1_14' title="bbox 278 2000 1363 2080; baseline 0.003 -20"><span class='ocrx_word' id='word_1_103' title='bbox 278 2001 367 2061; x_wconf 93' lang='lat' dir='ltr'>mino</span> <span class='ocrx_word' id='word_1_104' title='bbox 392 2001 477 2061; x_wconf 89' lang='lat' dir='ltr'>velut</span> <span class='ocrx_word' id='word_1_105' title='bbox 501 2001 570 2060; x_wconf 90' lang='lat' dir='ltr'>loco</span> <span class='ocrx_word' id='word_1_106' title='bbox 592 2001 712 2079; x_wconf 87' lang='lat' dir='ltr'>primo,</span> <span class='ocrx_word' id='word_1_107' title='bbox 741 2000 934 2062; x_wconf 89' lang='lat' dir='ltr'>elementum</span> <span class='ocrx_word' id='word_1_108' title='bbox 958 2002 1094 2080; x_wconf 87' lang='lat' dir='ltr'>simplex</span> <span class='ocrx_word' id='word_1_109' title='bbox 1119 2002 1363 2079; x_wconf 85' lang='lat' dir='ltr'>immobilique</span> 
     </span>
     <span class='ocr_line' id='line_1_15' title="bbox 278 2115 1362 2196; baseline 0.002 -21"><span class='ocrx_word' id='word_1_110' title='bbox 278 2115 415 2194; x_wconf 79' lang='lat' dir='ltr'>cingitur</span> <span class='ocrx_word' id='word_1_111' title='bbox 430 2115 590 2176; x_wconf 88' lang='lat' dir='ltr'>elemento</span> <span class='ocrx_word' id='word_1_112' title='bbox 604 2117 689 2177; x_wconf 91' lang='lat' dir='ltr'>velut</span> <span class='ocrx_word' id='word_1_113' title='bbox 706 2117 778 2176; x_wconf 92' lang='lat' dir='ltr'>loco</span> <span class='ocrx_word' id='word_1_114' title='bbox 795 2117 934 2195; x_wconf 90' lang='lat' dir='ltr'>proprio,</span> <span class='ocrx_word' id='word_1_115' title='bbox 952 2117 1060 2177; x_wconf 90' lang='lat' dir='ltr'>omnia</span> <span class='ocrx_word' id='word_1_116' title='bbox 1075 2117 1212 2195; x_wconf 90' lang='lat' dir='ltr'>denique</span> <span class='ocrx_word' id='word_1_117' title='bbox 1229 2119 1362 2196; x_wconf 89' lang='lat' dir='ltr'>superfi-</span> 
     </span>
     <span class='ocr_line' id='line_1_16' title="bbox 278 2231 1361 2294; baseline -0.001 -1"><span class='ocrx_word' id='word_1_118' title='bbox 278 2231 325 2293; x_wconf 92' lang='lat' dir='ltr'>cie</span> <span class='ocrx_word' id='word_1_119' title='bbox 347 2231 417 2292; x_wconf 89' lang='lat' dir='ltr'>caeli</span> <span class='ocrx_word' id='word_1_120' title='bbox 441 2231 574 2292; x_wconf 88' lang='lat' dir='ltr'>immota</span> <span class='ocrx_word' id='word_1_121' title='bbox 596 2232 681 2292; x_wconf 91' lang='lat' dir='ltr'>velut</span> <span class='ocrx_word' id='word_1_122' title='bbox 705 2232 774 2292; x_wconf 92' lang='lat' dir='ltr'>loco</span> <span class='ocrx_word' id='word_1_123' title='bbox 796 2233 958 2293; x_wconf 91' lang='lat' dir='ltr'>communi</span> <span class='ocrx_word' id='word_1_124' title='bbox 985 2232 1173 2294; x_wconf 81' lang='lat' dir='ltr'>dicebamus</span> <span class='ocrx_word' id='word_1_125' title='bbox 1195 2233 1361 2293; x_wconf 86' lang='lat' dir='ltr'>contineri.</span> 
     </span>
     <span class='ocr_line' id='line_1_17' title="bbox 278 2327 1364 2420; baseline 0.001 -13"><span class='ocrx_word' id='word_1_126' title='bbox 278 2337 359 2408; x_wconf 72' lang='lat' dir='ltr'>Ecce</span> <span class='ocrx_word' id='word_1_127' title='bbox 379 2350 485 2407; x_wconf 92' lang='lat' dir='ltr'>autem</span> <span class='ocrx_word' id='word_1_128' title='bbox 504 2351 651 2407; x_wconf 87' lang='lat' dir='ltr'>movetur</span> <span class='ocrx_word' id='word_1_129' title='bbox 673 2347 803 2418; x_wconf 86' lang='lat' dir='ltr'>caelum,</span> <span class='ocrx_word' id='word_1_130' title='bbox 829 2327 997 2408; x_wconf 85' lang='lat' dir='ltr'>moventur</span> <span class='ocrx_word' id='word_1_131' title='bbox 1018 2348 1188 2420; x_wconf 90' lang='lat' dir='ltr'>elementa,</span> <span class='ocrx_word' id='word_1_132' title='bbox 1216 2352 1364 2409; x_wconf 90' lang='lat' dir='ltr'>movetur</span> 
     </span>
     <span class='ocr_line' id='line_1_18' title="bbox 279 2461 1364 2541; baseline 0 -19"><span class='ocrx_word' id='word_1_133' title='bbox 279 2461 471 2522; x_wconf 90' lang='lat' dir='ltr'>continentis</span> <span class='ocrx_word' id='word_1_134' title='bbox 490 2462 642 2539; x_wconf 87' lang='lat' dir='ltr'>cujusque</span> <span class='ocrx_word' id='word_1_135' title='bbox 662 2463 708 2522; x_wconf 90' lang='lat' dir='ltr'>rei</span> <span class='ocrx_word' id='word_1_136' title='bbox 729 2462 923 2541; x_wconf 84' lang='lat' dir='ltr'>superficies.</span> <span class='ocrx_word' id='word_1_137' title='bbox 944 2463 1158 2523; x_wconf 83' lang='lat' dir='ltr'>Aristoteliam</span> <span class='ocrx_word' id='word_1_138' title='bbox 1179 2463 1274 2541; x_wconf 84' lang='lat' dir='ltr'>igitur</span> <span class='ocrx_word' id='word_1_139' title='bbox 1296 2481 1364 2523; x_wconf 91' lang='lat' dir='ltr'>sen·</span> 
     </span>
    </p>
   </div>
   <div class='ocr_carea' id='block_1_3' title="bbox 277 2577 1364 3002">
    <p class='ocr_par' dir='ltr' id='par_1_4' title="bbox 277 2577 1364 3002">
     <span class='ocr_line' id='line_1_19' title="bbox 277 2577 1363 2657; baseline 0.003 -21"><span class='ocrx_word' id='word_1_140' title='bbox 277 2577 411 2638; x_wconf 83' lang='lat' dir='ltr'>tentiam</span> <span class='ocrx_word' id='word_1_141' title='bbox 429 2595 492 2637; x_wconf 93' lang='lat' dir='ltr'>non</span> <span class='ocrx_word' id='word_1_142' title='bbox 510 2577 638 2638; x_wconf 92' lang='lat' dir='ltr'>omnino</span> <span class='ocrx_word' id='word_1_143' title='bbox 658 2582 806 2638; x_wconf 90' lang='lat' dir='ltr'>tenemus</span> <span class='ocrx_word' id='word_1_144' title='bbox 827 2596 834 2638; x_wconf 93' lang='lat'><strong>:</strong></span> <span class='ocrx_word' id='word_1_145' title='bbox 859 2579 974 2653; x_wconf 88' lang='lat' dir='ltr'>multa,</span> <span class='ocrx_word' id='word_1_146' title='bbox 991 2596 1054 2656; x_wconf 82' lang='lat' dir='ltr'>quo</span> <span class='ocrx_word' id='word_1_147' title='bbox 1075 2579 1207 2639; x_wconf 91' lang='lat' dir='ltr'>otiosius</span> <span class='ocrx_word' id='word_1_148' title='bbox 1229 2579 1363 2657; x_wconf 90' lang='lat' dir='ltr'>inspice-</span> 
     </span>
     <span class='ocr_line' id='line_1_20' title="bbox 278 2692 1364 2772; baseline 0.003 -20"><span class='ocrx_word' id='word_1_149' title='bbox 278 2696 396 2764; x_wconf 87' lang='lat' dir='ltr'>rentur,</span> <span class='ocrx_word' id='word_1_150' title='bbox 410 2692 584 2754; x_wconf 88' lang='lat' dir='ltr'>consistere</span> <span class='ocrx_word' id='word_1_151' title='bbox 595 2693 750 2770; x_wconf 90' lang='lat' dir='ltr'>jussimus</span> <span class='ocrx_word' id='word_1_152' title='bbox 766 2711 836 2772; x_wconf 85' lang='lat' dir='ltr'>quae</span> <span class='ocrx_word' id='word_1_153' title='bbox 848 2695 1058 2755; x_wconf 86' lang='lat' dir='ltr'>movebantur</span> <span class='ocrx_word' id='word_1_154' title='bbox 1069 2695 1258 2755; x_wconf 89' lang='lat' dir='ltr'>necessario.</span> <span class='ocrx_word' id='word_1_155' title='bbox 1273 2697 1364 2756; x_wconf 90' lang='lat' dir='ltr'>Nunc</span> 
     </span>
     <span class='ocr_line' id='line_1_21' title="bbox 278 2807 1360 2886; baseline 0.004 -20"><span class='ocrx_word' id='word_1_156' title='bbox 278 2823 364 2878; x_wconf 85' lang='lat' dir='ltr'>vero,</span> <span class='ocrx_word' id='word_1_157' title='bbox 379 2808 405 2866; x_wconf 91' lang='lat' dir='ltr'>si</span> <span class='ocrx_word' id='word_1_158' title='bbox 420 2807 633 2885; x_wconf 89' lang='lat' dir='ltr'>interruptum</span> <span class='ocrx_word' id='word_1_159' title='bbox 649 2813 772 2870; x_wconf 92' lang='lat' dir='ltr'>motum</span> <span class='ocrx_word' id='word_1_160' title='bbox 787 2808 968 2870; x_wconf 88' lang='lat' dir='ltr'>Aristotelio</span> <span class='ocrx_word' id='word_1_161' title='bbox 983 2809 1104 2870; x_wconf 92' lang='lat' dir='ltr'>mundo</span> <span class='ocrx_word' id='word_1_162' title='bbox 1117 2809 1360 2886; x_wconf 86' lang='lat' dir='ltr'>restituerimus,</span> 
     </span>
     <span class='ocr_line' id='line_1_22' title="bbox 279 2923 1210 3002; baseline 0.004 -22"><span class='ocrx_word' id='word_1_163' title='bbox 279 2923 534 3000; x_wconf 64' lang='lat' dir='ltr'>operaepretium</span> <span class='ocrx_word' id='word_1_164' title='bbox 550 2927 598 2984; x_wconf 89' lang='lat' dir='ltr'>est</span> <span class='ocrx_word' id='word_1_165' title='bbox 613 2941 766 3002; x_wconf 80' lang='lat' dir='ltr'>quarere,</span> <span class='ocrx_word' id='word_1_166' title='bbox 783 2924 860 3002; x_wconf 92' lang='lat' dir='ltr'>quid</span> <span class='ocrx_word' id='word_1_167' title='bbox 876 2925 945 2985; x_wconf 92' lang='lat' dir='ltr'>loco</span> <span class='ocrx_word' id='word_1_168' title='bbox 961 2928 1146 2986; x_wconf 88' lang='lat' dir='ltr'>eventurum</span> <span class='ocrx_word' id='word_1_169' title='bbox 1160 2925 1210 2986; x_wconf 92' lang='lat' dir='ltr'>sit.</span> 
     </span>
    </p>
   </div>
   <div class='ocr_carea' id='block_1_4' title="bbox 0 0 1588 5054">
    <p class='ocr_par' dir='ltr' id='par_1_5' title="bbox 0 0 1588 5054">
     <span class='ocr_line' id='line_1_23' title="bbox 0 0 1588 5054; baseline 0 0"><span class='ocrx_word' id='word_1_170' title='bbox 0 0 1588 5054; x_wconf 95' lang='lat' dir='ltr'> </span> 
     </span>
    </p>
   </div>
  </div>
 </body>
</html>
