3160 5054
310 538 338 584 10
696 535 776 592 QUID
793 533 1006 586 ARISTOTELES

308 680 413 755 potest
440 675 618 756 intellegi⁴.
650 679 713 738 Nos
743 695 819 738 vero
851 679 978 739 tertiam
1012 680 1173 758 quandam
1205 681 1394 760 interpreta-

306 793 428 853 tionem
453 793 654 870 adjiciemus,
683 811 721 854 ex
746 794 928 855 Aristotelia
952 795 1016 855 loci
1042 795 1228 858 delinitione
1255 799 1391 860 ductam.

308 908 512 970 Confirmabit
530 909 615 969 enim
636 910 811 970 rationibus
834 914 866 970 et
884 911 1079 989 argumentis
1098 913 1301 990 Aristotelea,
1325 915 1395 976 nul-

307 1025 376 1085 lum
396 1041 510 1102 corpus
524 1024 595 1085 loco
614 1025 709 1102 potiri
728 1025 790 1085 nisi
809 1025 892 1085 intra
912 1043 1025 1104 corpus
1039 1027 1126 1088 aliud
1141 1033 1173 1088 et
1188 1029 1328 1107 positum
1352 1030 1394 1090 sit

309 1143 341 1200 et
355 1143 528 1201 moveatur.
544 1139 704 1200 Gontineri
720 1143 826 1201 autern
839 1141 889 1201 vel
903 1141 1094 1202 circumdari
1110 1147 1264 1222 punctum
1280 1144 1394 1205 indivi-

309 1255 406 1317 duum
427 1255 520 1317 nullo
546 1255 642 1316 modo
667 1259 788 1334 potest,
817 1257 935 1336 quippe
961 1257 1045 1337 quod
1072 1258 1134 1319 alia
1158 1260 1222 1321 ulla
1248 1277 1281 1321 re
1309 1261 1395 1339 tangi

308 1377 444 1450 nequeat
465 1373 541 1450 quin
563 1373 670 1432 statim
694 1390 766 1433 cum
788 1390 825 1433 ea
848 1373 1018 1435 misceatur
1028 1372 1052 1434 ².
1081 1377 1181 1437 immo
1204 1393 1244 1437 ne
1272 1377 1395 1437 moveri

309 1487 453 1565 quidem,
471 1488 622 1566 quoniam
641 1505 745 1566 neque
761 1506 830 1549 esse
849 1506 954 1567 neque
974 1491 1097 1569 concipi
1112 1491 1269 1554 individui
1284 1493 1395 1571 puncti

307 1604 483 1663 motionem
502 1603 687 1664 Aristoteles
703 1605 735 1663 in
752 1601 865 1682 quinto
882 1605 1027 1684 Physicae
1049 1607 1296 1668 Auscultationis
1313 1609 1394 1669 libro

309 1718 549 1779 demonstrabit.
562 1721 604 1778 Ex
615 1736 677 1796 quo
688 1719 857 1798 colligitur,
870 1725 1024 1798 punctum
1036 1723 1106 1783 loco
1116 1739 1232 1784 carere.

347 1843 428 1914 Ouid
443 1843 553 1921 plura?
566 1841 674 1903 Primo
687 1843 741 1903 illo
754 1848 941 1922 argumento
954 1847 1119 1907 confirmat
1133 1849 1318 1908 Aristoteles
1330 1866 1394 1909 non

309 1957 445 2018 obtineri
460 1975 591 2035 corpore
607 1957 792 2018 distinctum
807 1961 860 2020 aut
876 1963 1055 2036 separatum
1070 1960 1192 2035 locum,
1209 1963 1235 2021 si
1255 1962 1395 2041 singulas

309 2073 378 2152 ejus
393 2077 502 2151 partes
516 2073 762 2148 animadvertas;
780 2074 807 2133 si
819 2075 998 2149 universas,
1015 2077 1170 2152 obtineri;
1188 2077 1267 2138 adeo
1282 2081 1317 2138 ut
1331 2097 1349 2138 a
1364 2082 1395 2138 te

309 2189 377 2267 ipse
400 2188 560 2267 discrepes
582 2189 658 2250 dum
681 2190 786 2250 locum
808 2191 939 2251 ascribis
963 2195 995 2252 et
1017 2193 1158 2271 corporis
1182 2193 1340 2272 partibus,
1365 2197 1397 2254 et

308 2305 432 2382 corpori
451 2304 608 2366 universo.
628 2305 753 2366 Nodum
772 2307 921 2384 expediet
943 2308 1112 2386 eleganter,
1130 2326 1203 2370 cum
1219 2309 1395 2370 ostenderit

316 2419 458 2496 corporis
472 2422 577 2497 partes
590 2420 698 2480 locum
713 2437 868 2499 occupare
884 2423 1037 2500 potentia,
1052 2441 1167 2502 corpus
1180 2432 1261 2486 actu.
1278 2425 1339 2485 Sed
1354 2427 1395 2486 ad

280 2592 282 2596 ,
310 2552 347 2594 ea
375 2535 461 2596 alias.
487 2537 576 2596 Nunc
596 2534 782 2614 caliginem,
806 2537 991 2615 priusquam
1014 2538 1180 2612 discutiat,
1206 2541 1395 2602 crassiorem

311 2649 395 2711 iacit.

348 2765 396 2826 Ad
415 2767 511 2826 aliam
530 2767 794 2844 disceptationem
808 2768 984 2831 veniamus.
1000 2771 1038 2831 Ut
1053 2770 1143 2832 locus
1158 2788 1176 2831 a
1191 2788 1321 2849 corpore
1335 2771 1396 2831 dif-

308 2881 402 2955 ferat,
418 2899 522 2942 nonne
543 2881 706 2972 ducendus
721 2883 902 2968 innumero
918 2885 1148 2948 elementorum
1168 2885 1243 2964 erit,
1259 2886 1309 2946 vel
1325 2904 1396 2947 cor-

308 3013 492 3075 poreorum,
514 2997 565 3057 vel
589 2998 868 3076 incorporeorum?
887 2998 928 3059 At
948 3017 1052 3078 neque
1075 3002 1220 3080 corporei
1242 3002 1396 3063 elementi

309 3111 553 3172 similitudinem
570 3113 686 3174 habere
710 3113 788 3174 illud
809 3117 914 3192 potest
936 3114 1020 3192 quod
1044 3115 1193 3177 abhorret
1214 3135 1233 3177 a
1251 3117 1396 3194 corporis

308 3231 434 3303 natura,
462 3245 566 3306 neque
601 3229 822 3306 incorporeum
855 3229 1008 3308 appellari
1042 3231 1127 3308 quod
1160 3232 1395 3311 longitudinem

341 3453 373 3516 (t)
385 3452 486 3516 Philop.
502 3455 532 3502 iu
546 3452 637 3515 Phys,
653 3452 693 3502 ed.
709 3453 810 3516 Vitelli,
823 3467 848 3516 p.
865 3457 919 3513 507,
933 3453 951 3502 l.
968 3458 998 3502 35
1010 3465 1066 3516 sqq.
1086 3469 1091 3501 :
1105 3454 1148 3501 καὶ
1166 3453 1241 3509 ἄλλως
1254 3455 1273 3502 εἰ
1292 3461 1397 3516 στιγμῆς

308 3542 362 3592 ἔστι
376 3541 457 3599 τόπος,
474 3543 557 3600 ἐπειδὴ
570 3541 645 3590 τόπου
656 3543 769 3607 διαφοραὶ
780 3543 930 3608 κυριώταται
944 3542 986 3605 μὲν
998 3544 1024 3590 αἱ
1038 3542 1093 3601 δύο,
1109 3543 1138 3590 τὸ
1151 3543 1203 3590 ἄνω
1214 3544 1254 3590 καὶ
1270 3543 1299 3591 τὸ
1315 3543 1395 3600 κάτω,

307 3631 348 3680 διὰ
362 3631 450 3687 ταύτας
463 3631 488 3680 δὲ
502 3633 543 3680 καὶ
555 3633 579 3680 αἱ
593 3633 673 3680 λοιπαὶ
684 3633 809 3696 τέσσαρες,
827 3633 869 3680 καὶ
884 3631 941 3680 οὐδὲ
952 3628 1012 3680 κατ’
1027 3629 1136 3680 ἐπίνοιαν
1152 3629 1203 3679 ἐστι
1215 3632 1298 3680 ledeia
1314 3631 1398 3695 ἑτέραν

310 3720 387 3769 τόπου
402 3720 526 3784 διαφοράν,
542 3722 614 3781 δῆλον
632 3721 668 3769 ότι
683 3722 725 3769 καὶ
743 3721 756 3768 ό
771 3721 846 3777 τόπος
862 3724 906 3770 τοῦ
922 3719 1024 3784 σημείου
1035 3720 1100 3770 κατὰ
1112 3719 1168 3783 μίαν
1184 3718 1234 3782 (ἂν)
1248 3721 1298 3768 τῶν
1315 3720 1399 3783 διαρο-

312 3814 361 3874 ρῶν
378 3809 473 3858 τούτων
489 3809 611 3874 διαφέροι,
632 3811 674 3859 καὶ
694 3811 709 3868 ἢ
726 3810 775 3858 ἄνω
790 3809 860 3858 ἔσται
875 3809 975 3872 glicerii
992 3807 1059 3857 κάτω
1073 3809 1153 3872 φύσει·
1173 3810 1239 3858 ὥστε
1258 3809 1300 3857 καὶ
1320 3810 1349 3858 τὸ
1370 3811 1396 3859 ἑν

312 3899 380 3964 αὐτῷ
392 3903 494 3959 σημεῖον
508 3901 523 3958 ἢ
534 3900 596 3966 βαρὺ
605 3899 705 3958 ἔσται’ἢ
718 3904 808 3960 κοῦρον
824 3899 861 3962 (τὸ
875 3899 923 3965 γὰρ
938 3899 1001 3948 κατὰ
1013 3899 1083 3960 φύσιν
1097 3899 1167 3961 ἐντῷ
1180 3901 1232 3948 ἅνω
1243 3897 1311 3962 τόπῳ
1322 3899 1399 3961 ὑπάρ-

311 4005 356 4053 χον
367 3988 456 4050 κοῦφόν
472 3989 534 4047 ἐστι,
551 3990 612 4054 βαρὺ
628 3990 654 4039 δὲ
671 3991 699 4039 τὸ
711 3989 797 4050 κάτωὶ·
815 3989 932 4039 ἀδύνατον
947 3990 973 4038 δὲ
989 3994 1091 4053 σημεῖον
1108 3991 1170 4055 βαρὺ
1188 3991 1203 4048 ἢ
1218 3995 1307 4052 κοῦρον
1324 3989 1396 4038 εἶναι·

313 4077 377 4126 ὥστε
393 4077 511 4127 ἀδύνατον
526 4079 628 4142 σημείου
641 4079 717 4128 τόπον
730 4080 803 4128 εἶναι,

345 4166 379 4230 (2)
395 4165 431 4216 Gl'.
444 4169 498 4230 περὶ
512 4167 609 4230 ἀτόμων
620 4173 752 4233 γραμμῶν,
765 4171 808 4216 971
822 4166 847 4226 h,
860 4170 873 4215 7
887 4185 892 4216 ε
906 4167 992 4230 τὸγὰρ
1004 4166 1091 4232 ἀμερὲς
1103 4173 1147 4218 τοῦ
1159 4169 1262 4234 ἀμεροῦς
1274 4167 1328 4216 όλον
1339 4165 1398 4216 ὅλου

313 4256 485 4317 ἐφάπτεται...,
503 4259 544 4308 καὶ
557 4259 694 4322 ἁπτομέναι
710 4259 808 4322 στιγμαὶ
824 4257 849 4306 ἐν
862 4261 897 4320 τῷ
909 4257 976 4320 αὐτῷ
990 4259 1060 4321 τόπῳ
1073 4258 1195 4316 ἀλλήλαις.
