3160 5054
580 511 624 560 DE
640 507 726 560 Loco
743 506 904 560 SENSERl'l'.
1166 539 1169 544 -
1256 514 1286 560 2³

205 656 358 736 loquendi
371 672 494 718 morem
506 655 743 734 impugnavere.
762 675 777 708 ι(
794 654 909 715 Aerem
926 653 1010 715 enim
1024 653 1198 715 ostendunt
1218 671 1286 715 esse

203 797 218 828 «
232 771 354 852 aliquid
370 775 402 833 et
413 772 479 832 vim
497 771 636 850 aliquam
657 769 791 843 habere,
810 773 897 831 utres
914 770 1090 849 torquendo
1104 774 1136 831 et
1158 787 1287 850 expres-

203 914 218 946 «
235 905 423 950 sumaerem
436 887 469 948 in
484 870 666 966 clepsydras
680 885 875 965 recipiendo.
891 885 1008 948 Volunt
1021 889 1129 948 autem
1141 885 1286 948 homines

204 1028 218 1059 ι
234 1003 432 1065 intervallum
463 1001 544 1064 illud
573 1019 641 1063 esse
667 1001 776 1074 inane,
801 1000 835 1060 in
861 1017 923 1080 quo
949 1001 1072 1062 nullum
1103 1002 1145 1062 sit
1174 1019 1288 1082 corpus

202 1145 216 1172 ν
234 1119 377 1180 sensile:
403 1117 457 1197 qui
481 1135 554 1179 cum
578 1117 699 1192 omnia,
723 1133 931 1195 quaecumque
956 1120 1045 1190 sunt,
1071 1135 1129 1198 pro
1151 1135 1285 1197 corpore

203 1260 217 1291 «
234 1235 384 1311 habeant,
401 1234 493 1295 inane
511 1233 544 1294 id
564 1233 673 1294 dicunt
690 1249 759 1294 esse
776 1233 810 1292 in
829 1249 891 1312 quo
912 1232 993 1292 nihil
1013 1233 1143 1294 omnino
1166 1233 1231 1296 sit:
1249 1251 1286 1294 ex

203 1376 217 1406 «
235 1369 298 1430 quo
308 1332 459 1423 allicitur,
469 1367 532 1410 non
544 1366 682 1410 vacuum
697 1365 766 1410 esse
782 1347 860 1411 illud
877 1347 964 1427 quod
977 1352 1025 1409 est
1045 1347 1127 1409 aeris
1140 1349 1283 1428 plenum.

203 1491 217 1522 «
236 1466 389 1538 Quocirca
403 1484 467 1526 non
491 1464 773 1527 demonstrandum
794 1468 843 1546 pst
862 1481 969 1526 aerem
989 1481 1059 1525 esse
1073 1463 1210 1543 aliquid,
1229 1465 1285 1526 sed

203 1582 356 1645 «nullum
375 1581 525 1643 exsistere
541 1581 745 1642 intervallum
764 1580 926 1642 diversum
947 1584 1180 1659 separatumve‚
1201 1581 1285 1660 quod

203 1723 217 1754 «
232 1715 269 1760 eo
284 1698 380 1760 modo
392 1715 449 1776 per
461 1715 575 1776 corpus
591 1715 685 1758 omne
701 1700 845 1776 permeet
859 1701 894 1758 ut
909 1695 1160 1776 interrumpatur
1172 1715 1285 1776 corpo-

176 1867 180 1876 ,
202 1815 274 1875 «ris
295 1811 544 1888 continuatio...,
566 1813 728 1875 ueletiam
748 1811 850 1890 quod,
873 1829 1023 1874 concessa
1047 1813 1187 1892 corporis
1209 1830 1286 1874 con·

203 1955 216 1984 ιι
233 1929 426 2002 tinuatione,
448 1929 570 2007 aliquid
594 1929 636 1989 sit
660 1932 748 1990 extra
773 1926 918 2007 corpus'.
940 1952 954 1984 »
975 1929 1051 1990 Cum
1068 1929 1286 1990 Democritum

200 2063 235 2106 ac
250 2045 445 2124 Leucippum
457 2045 599 2123 aliosque
620 2044 788 2105 nonnullos
808 2061 881 2122 pars
901 2043 989 2123 prior
1009 2043 1139 2122 hujusce
1161 2048 1285 2106 senten-

200 2160 269 2236 tia,
293 2165 329 2221 ut
349 2160 394 2221 ait
410 2160 596 2221 Aristoteles
619 2160 705 2240 ipse,
726 2163 864 2238 spectet,
880 2160 934 2238 qui
950 2159 1041 2220 inane
1060 2159 1142 2221 inter
1163 2164 1285 2221 atomos

199 2277 282 2355 ipsas
295 2276 500 2349 inseruerint,
517 2275 851 2354 continuationemque
869 2275 942 2336 ideo
956 2275 1098 2354 corporis
1121 2276 1283 2356 fregerint,

199 2394 297 2454 altera
314 2409 388 2472 pars
400 2393 439 2453 ad
455 2392 668 2471 Pythagoreos
688 2392 815 2454 videtur
832 2392 1005 2472 pertinere,
1024 2392 1080 2471 qui
1093 2391 1184 2453 inane
1200 2397 1286 2454 extra

199 2526 329 2588 corpora
350 2509 593 2570 collocaverunt.
617 2510 793 2587 Utcumque
815 2527 848 2568 se
866 2525 917 2569 res
942 2507 1052 2582 hebet,
1073 2525 1137 2570 non
1160 2509 1286 2570 obviam

200 2623 366 2703 quaestioni
381 2625 426 2685 ire
440 2623 587 2704 physicos
601 2625 673 2686 illos
688 2623 745 2704 qui
760 2628 869 2685 contra
885 2624 976 2684 inane
990 2624 1115 2699 dicunt,
1133 2625 1189 2685 sed
1201 2625 1286 2686 circa

198 2741 397 2819 tergiversari
416 2741 600 2802 Aristoteles
627 2740 796 2801 existimat.
825 2739 958 2820 Propius
990 2745 1202 2817 accesserunt,
1230 2741 1284 2820 qui

199 2855 408 2936 patrocinium
418 2858 507 2918 vacui
520 2874 698 2936 suscepere.
712 2859 831 2918 Horum
845 2860 1031 2935 argumenta
1041 2857 1107 2935 jam
1119 2873 1285 2936 recognos-

199 2989 318 3033 camus.

240 3088 409 3149 Molionem
419 3087 505 3149 nullo
520 3088 618 3150 modo
633 3105 726 3168 posse
739 3088 813 3170 sine
823 3087 998 3149 interuallis
1012 3088 1118 3149 vacuis
1129 3089 1281 3169 intellegi,

199 3205 300 3266 tribus
315 3205 478 3284 praecipue
493 3204 667 3266 rationibus
685 3205 880 3265 confirmant.

238 3323 360 3382 Ponunt
380 3320 520 3399 primum
534 3321 614 3382 nihil
636 3338 728 3401 posse
751 3321 784 3380 in
798 3320 1002 3381 intervallum
1019 3321 1150 3400 plenum
1169 3321 1280 3401 recipi.

230 3525 263 3588 (l)
278 3525 354 3588 Pitye.
371 3527 415 3588 lV,
430 3529 484 3585 213,
500 3539 524 3584 a,
537 3530 566 3575 22
583 3542 589 3575 :
604 3525 782 3576 insectarentur
793 3525 840 3592 γὰρ
853 3525 889 3575 ὅτι
900 3525 952 3576 ἔστι
969 3544 993 3576 τι
1010 3527 1097 3592 ὁᾰήρ,
1113 3529 1284 3591 capaciores:

199 3615 252 3671 τοὺς
270 3613 360 3673 ἀσκοὺς
375 3617 417 3664 καὶ
440 3610 578 3678 δεικνύντες
592 3618 625 3672 ὡς
644 3615 743 3681 ἰσχυρὸς
762 3616 776 3664 δ
797 3615 852 3679 ἀήρ,
871 3617 912 3664 καὶ
931 3615 1173 3678 ἐναπολαμδὰνοντεε
1190 3617 1215 3666 ἐν
1230 3620 1284 3673 ταῖς

199 3699 348 3770 κλεψύδραις.
365 3707 396 3754 Οἱ
408 3705 429 3754 δ’
445 3705 569 3771 ἄνθρωποι
584 3705 714 3769 βούλονται
725 3705 819 3767 λέγειν,
833 3706 904 3756 κενὸν
919 3707 982 3756 εἶναι
993 3706 1118 3769 διάστημα
1130 3707 1156 3756 ἐν
1174 3702 1193 3775 ᾧ
1210 3706 1284 3771 μηδέν

199 3794 254 3844 ἐστι
268 3796 342 3858 σῶμα
354 3794 478 3854 αἰσθητὸν·
493 3795 599 3858 οἰόμενοι
610 3795 638 3844 δὲ
648 3796 677 3845 τὸ
688 3796 715 3845 δν
726 3795 790 3844 ἅπαν
801 3796 864 3846 εἶναι
878 3797 954 3858 σῶμα
965 3795 1048 3859 φασίν,
1062 3795 1088 3845 ἐν
1101 3791 1120 3864 ᾧ
1135 3797 1196 3852 ὅλως
1211 3797 1283 3860 μηδέν

200 3883 268 3944 ἐστι,
281 3885 348 3933 τοῦτ’
363 3883 425 3933 εἶναι
439 3882 521 3945 κενόν,
541 3883 570 3934 οὐ
585 3885 615 3943 δὴ
633 3885 661 3932 τὸ
678 3885 766 3950 πλῆρες
784 3883 855 3950 ἀέρος
872 3884 943 3934 κενόν
960 3885 1031 3934 εἶναι.
1048 3885 1145 3934 Οὔκουν
1161 3889 1235 3935 τοῦτο
1247 3886 1284 3935 δεῖ

200 3971 332 4035 δεικνύναι,
349 3973 388 4022 ὅτι
401 3972 454 4022 ἔστι
468 3989 491 4022 τι
507 3974 520 4021 ὁ
534 3973 589 4038 ἀήρ,
605 3973 658 4022 ἀλλ’
672 3972 710 4022 ὅτι
724 3973 769 4022 οὐκ
784 3973 837 4024 ἔστι
851 3973 975 4037 διάστημα
988 3975 1070 4040 ἕτερον
1083 3975 1133 4024 τῶν
1148 3973 1280 4038 σωμάτων,

200 4060 256 4110 οὔτε
266 4062 387 4127 χωριστὸν
401 4061 459 4112 οὔτε
470 4061 582 4128 ἐνεργείᾳ
597 4062 636 4123 ὄν,
648 4061 662 4112 δ
674 4061 832 4126 prolapsam
845 4063 874 4113 τὸ
886 4067 934 4113 πᾶν
946 4064 1020 4126 σῶμα
1035 4063 1095 4114 ὥστ’
1107 4064 1167 4114 εἶναι
1178 4064 1212 4126 μὴ
1224 4080 1283 4113 σνν-

202 4151 262 4214 εχές,
282 4151 393 4218 καθάπερ
411 4153 510 4216 λέγουσι
523 4153 670 4217 Δημόκριτος
689 4155 730 4203 καὶ
751 4153 891 4212 Λεύκιππος
909 4154 951 4204 καὶ
972 4154 1051 4218 ἕτερον
1067 4153 1153 4203 πολλοὶ
1170 4153 1219 4202 τῶν
1238 4169 1281 4215 φυ-

165 4233 170 4244 ’
202 4238 318 4302 σιαλόγων
327 4278 333 4303 ,
343 4242 359 4298 ἢ
370 4243 412 4290 καὶ
424 4241 480 4290 εἴτι
491 4241 536 4299 ἔξω
547 4246 590 4292 τοῦ
601 4241 690 4300 παντὸς
701 4243 818 4306 σώματός
830 4243 895 4292 ἐστιν
909 4242 979 4300 ὄντος
990 4247 1112 4307 συνεχοῦς.
