3160 5054
572 509 615 556 DE
632 507 716 558 Loco
733 508 896 558 SENSERIT.
1243 515 1274 561 33

193 654 349 736 pondust
363 651 597 730 longitudinem
611 652 625 710 1
642 651 675 711 in
688 655 831 729 tempore
847 651 874 711 H
888 650 1012 712 lustret.
1029 654 1068 713 At
1081 667 1155 714 vero
1170 652 1276 714 littera

194 774 219 831 ll
233 768 468 848 designavimus
483 771 613 847 tempus
624 765 656 826 in
672 784 733 845 quo
748 766 833 826 idem
848 766 1045 828 intervallum
1060 767 1093 828 in
1110 767 1198 830 inani
1212 769 1277 829 lus-

194 885 345 946 trabatur.
365 883 514 961 Sequitur
534 881 630 961 igitur
645 882 726 942 utin
743 881 855 942 eodem
872 885 1015 962 tempore
1034 883 1125 960 paria
1141 887 1172 943 et
1188 883 1278 944 vacui

196 1005 227 1062 et
239 999 382 1078 corporis
394 1000 406 1058 l
419 998 593 1059 lustrentur
607 997 784 1058 intervalla.
801 997 954 1068 Quoniam
967 1001 1073 1058 autem
1087 998 1278 1060 densitatem

196 1113 338 1195 corporis
352 1117 386 1188 Δ,
401 1113 537 1190 ideoque
548 1113 684 1192 corporis
695 1113 725 1186 1,
744 1112 783 1173 ad
799 1112 964 1173 arbitrium
978 1117 1121 1174 nostrum
1134 1113 1279 1175 definivi-

197 1247 283 1303 mus,
301 1246 426 1292 summa
444 1228 659 1289 conclusionis
674 1228 731 1290 erit
747 1233 782 1288 ut
795 1229 916 1306 pondus
930 1229 971 1303 A,
989 1228 1022 1288 in
1041 1232 1185 1309 tempore
1201 1245 1280 1306 quo·

196 1345 271 1406 dam
295 1345 383 1417 dato,
407 1361 541 1406 vacuum
568 1344 767 1404 intervallum
790 1341 980 1421 longitudini
1004 1342 1130 1406 cuilibet
1155 1343 1280 1422 aequale

197 1466 381 1539 percurrat:
399 1459 484 1537 quod
503 1459 674 1520 absurdum
692 1458 822 1518 omnino
836 1475 904 1518 esse
924 1457 1096 1520 dixerimus
1112 1456 1136 1520 ⁴.

237 1576 328 1636 Fient
339 1575 407 1636 haec
417 1574 597 1652 perspicua,
611 1573 637 1634 si
646 1571 745 1634 verba
755 1573 933 1634 Aristotelis
943 1573 977 1634 in
987 1573 1282 1636 mathematicorum

199 1695 380 1752 nostrorum
397 1689 541 1768 linguam
557 1684 827 1750 transtulerimus.
847 1687 951 1767 Fingit
971 1689 1156 1750 Aristoteles
1176 1689 1284 1752 celeri-

199 1819 296 1875 tatem
319 1813 469 1892 ponderis
491 1813 658 1891 cujusdam
678 1817 703 1872 Α
722 1813 755 1872 in
777 1830 874 1874 vacuo
897 1813 1049 1892 aequalem
1071 1831 1138 1875 esse
1156 1814 1283 1893 magni-

200 1930 303 1990 tudini
316 1929 413 1991 unitae
425 1947 454 2001 u,
471 1928 516 1988 ita
531 1931 568 1989 ut
582 1928 783 1990 intervallum
798 1927 957 2007 quoddam
971 1930 994 1990 Z
1007 1928 1038 1988 in
1053 1933 1197 2008 tempore
1212 1935 1224 1990 t
1238 1929 1283 1990 ihi

201 2045 363 2106 lustretur.
383 2045 502 2122 Corpus
518 2043 631 2104 deinde
651 2043 848 2121 quodlibetd
864 2043 966 2121 eligit,
983 2061 1042 2122 per
1057 2041 1143 2122 quod
1160 2045 1284 2122 pondus

197 2163 219 2218 Α
237 2163 387 2220 transeat.
407 2158 439 2219 Si
456 2157 481 2219 v'
500 2159 542 2219 sit
559 2158 708 2237 ponderis
725 2159 872 2222 celeritas
888 2159 920 2219 in
937 2175 1068 2238 corpore
1086 2163 1123 2233 Δ,
1142 2157 1162 2220 t'
1179 2167 1285 2221 autem

201 2279 328 2352 tempus
348 2275 380 2335 in
400 2292 463 2353 quo
482 2273 714 2352 longitudinem
733 2277 756 2334 Δ
771 2298 812 2328 =
830 2275 853 2332 Z
872 2273 905 2333 in
924 2291 1054 2354 corpore
1070 2278 1093 2334 Δ
1112 2276 1283 2354 percurrit,

201 2389 354 2452 habemus
375 2390 552 2456 necessario
576 2388 696 2462 v'<u,
711 2389 845 2467 ideoque
862 2388 968 2462 t'>t.
990 2392 1114 2469 Exque
1136 2391 1172 2452 lit
1186 2396 1235 2462 ut,
1253 2391 1284 2450 in

203 2509 346 2584 tempore
362 2511 388 2578 t,
403 2505 528 2583 pondus
542 2507 580 2577 Α,
596 2504 629 2564 in
649 2511 817 2584 corporeA
832 2505 985 2584 positum,
1004 2510 1125 2584 partem
1146 2510 1284 2566 tantum-

235 2718 268 2781 (1)
282 2717 362 2780 Phys.
379 2719 421 2766 lv.
443 2723 502 2775 215,
520 2715 550 2774 b,
571 2721 598 2765 19
618 2734 624 2766 z
641 2715 772 2780 θμοίως’δὲ
786 2719 829 2766 καὶ
843 2718 871 2766 τὸ
889 2718 957 2767 νινδν
971 2717 1029 2778 πρὸς
1045 2719 1074 2768 τὸ
1092 2719 1179 2783 πλῆρες
1198 2720 1287 2770 οὐδένα

203 2808 294 2857 οἷόντε
308 2807 372 2871 ἔχειν
383 2805 465 2870 λόγον,
478 2807 536 2855 ὥστ’
549 2806 604 2856 οὐδὲ
616 2807 660 2864 τήν
672 2804 777 2865 κίνησιν,
789 2806 840 2855 ἀλλ’
851 2808 872 2856 εἰ
883 2807 924 2855 διὰ
934 2811 976 2856 τοῦ
989 2807 1143 2857 λεπτοτάτου
1157 2809 1182 2857 ἐν
1195 2811 1287 2873 τοσῳδὶ

204 2897 247 2954 τὴν
261 2897 363 2955 τοσήνδε
377 2897 489 2961 φέρεται,
504 2895 544 2943 διὰ
564 2899 608 2944 τοῦ
624 2899 695 2944 κενοῦ
707 2895 796 2950 παντὸς
812 2895 957 2960 ὑπερθάλλει
970 2898 1054 2958 λόγου.
1072 2895 1156 2946 Ἔστω
1170 2897 1256 2960 γὰρτὸ
1270 2901 1287 2948 Ζ

203 2985 284 3046 κενόν,
298 2986 354 3034 ἰσον
369 2984 396 3033 δὲ
410 2988 446 3046 τῷ
466 2985 560 3047 μεγέθει
573 2988 622 3038 τοῖς
636 2986 656 3034 Β
677 2985 718 3033 καὶ
732 2987 759 3034 Δ.
778 2984 812 3032 Τὸ
827 2985 856 3041 δή
873 2987 893 3032 Α
909 2984 930 3032 εἰ
945 2984 1017 3033 δίεισι
1033 2985 1073 3034 καὶ
1091 2987 1244 3044 κινηθήσεται
1261 2989 1286 3035 ἐν

204 3075 252 3122 τινὶ
267 3073 309 3137 μέν
328 3072 423 3140 χρόνῳ,
436 3078 472 3134 τῷ
486 3073 520 3136 ἐφ’
535 3073 564 3121 οὗ
581 3075 616 3132 H,
632 3072 657 3120 ἐν
673 3071 782 3122 ἐλάττονι
797 3071 822 3122 δὲ
840 3074 855 3132 ἢ
871 3077 905 3134 τῷ
921 3070 961 3136 ἐφ’
975 3073 1004 3122 οὗ
1023 3076 1056 3132 Ε,
1076 3078 1164 3124 τοῦτον
1184 3075 1229 3132 έξει
1244 3076 1286 3124 τόν

203 3162 273 3225 λόγον
285 3163 312 3211 τὸ
326 3163 396 3211 κενὸν
409 3163 469 3228 πρὸς
483 3164 511 3211 τὸ
522 3163 615 3225 πλῆρες.
637 3159 699 3210 Ἀλλ’
711 3161 734 3209 ἐν
746 3161 858 3225 τοσούτῳ
867 3162 946 3226 χρόνῳ
961 3163 1017 3217 ὅσος
1030 3161 1068 3225 ἐφ’
1081 3162 1147 3213 οὐτὸ
1158 3166 1193 3224 Η,
1207 3169 1252 3214 τοῦ
1266 3151 1287 3214 'A

204 3253 232 3302 τὸ
246 3255 267 3300 Α
281 3251 352 3300 δίεισι
366 3251 409 3310 τήν
424 3252 451 3299 τὸ
467 3254 497 3300 0.
515 3249 593 3299 Δίεισι
608 3248 634 3300 δέ
649 3266 690 3312 γε,
706 3251 751 3298 κᾶν
767 3249 782 3312 ᾖ
798 3267 821 3298 τι
834 3250 964 3308 λεπτότητι
979 3251 1093 3316 διαφέρον
1107 3257 1151 3302 τοῦ
1166 3253 1235 3317 ἀέρος
1247 3249 1288 3316 ἐφ’

206 3336 226 3408 ᾧ
239 3341 267 3390 τὸ
283 3343 314 3397 Ζ,
326 3340 415 3398 ταύτην
430 3341 474 3398 τὴν
487 3337 617 3402 ἀναλογίαν
632 3340 662 3396 ἣν
678 3339 728 3402 ἔχει
742 3341 755 3387 θ
765 3339 853 3403 χρόνος
871 3336 912 3397 ἐφ’
924 3339 944 3401 ᾧ
956 3340 975 3387 Ε
986 3339 1045 3406 πρὸς
1055 3341 1095 3388 τὸν
1111 3338 1153 3403 ἐφ’
1164 3341 1184 3403 ᾤ
1195 3344 1225 3389 H.
1240 3339 1286 3390 Ἂν

204 3429 230 3491 γ’
264 3429 280 3492 ή
296 3423 408 3492 τοσούτῳ
424 3428 569 3492 λεπτότερον
586 3428 613 3475 τὸ
633 3426 671 3490 ἐφ’
690 3422 709 3496 ᾧ
728 3430 745 3475 Ζ
763 3432 837 3490 σῶμα
853 3432 896 3477 τοῦ
913 3432 947 3487 Δ,
965 3429 1017 3492 ὅσῳ
1032 3429 1146 3494 ὑπερέχει
1160 3430 1188 3479 τὸ
1205 3432 1224 3478 E
1244 3434 1287 3479 τοῦ

205 3445 474 3582 ΙΪᾰντεστραμμένως
490 3517 561 3566 δίεισι
575 3521 611 3579 τῷ
628 3516 699 3581 τάχει
718 3517 743 3565 έν
759 3520 794 3577 τῷ
810 3517 933 3578 τοσούτῳ,
952 3518 1012 3567 ὅσον
1027 3519 1055 3566 τὸ
1072 3519 1104 3579 Η,
1119 3523 1162 3576 τὴν
1178 3519 1206 3568 τὸ
1223 3522 1240 3568 Ζ
1258 3520 1287 3570 τὸ

203 3605 247 3671 ἐφ’
258 3606 286 3656 οὔ
297 3611 327 3663 Α,
338 3606 381 3654 ἐὰν
394 3607 500 3670 φέρηται,
513 3606 570 3654 Ἐὰν
582 3605 662 3655 τοίνυν
674 3607 746 3669 μηδὲν
757 3605 857 3670 ῇσῶμα
866 3606 891 3654 ἐν
901 3609 937 3668 τῷ
949 3609 975 3667 Ζ,
989 3606 1025 3655 έτι
1035 3607 1133 3656 θᾶττον.
1147 3605 1215 3657 Ἀλλ’
1225 3609 1254 3670 ἦν
1264 3609 1287 3657 ἐν

203 3700 243 3759 τῷ
257 3697 288 3744 Η.
301 3692 378 3744 Ὠστ’
393 3695 417 3743 έν
431 3695 479 3758 ἴσῳ
487 3694 565 3759 χρόνῳ
574 3694 645 3744 δίεισι
655 3695 741 3758 πλῆρές
751 3711 778 3743 τε
793 3696 819 3743 θν
830 3695 872 3744 καὶ
886 3694 966 3744 κενόν.
983 3692 1049 3744 Ἀλλ’
1065 3695 1194 3745 ἀδύνατον.
1208 3698 1287 3746 Φανε·

207 3785 248 3849 ρδν
262 3783 344 3833 τοίνυν
357 3784 404 3842 ὅτι,
418 3784 438 3832 εἰ
451 3783 503 3832 ἔστι
515 3800 551 3840 τις
564 3782 650 3849 χρόνος
665 3785 689 3832 έν
702 3778 721 3850 ᾧ
733 3788 774 3831 τοῦ
790 3787 861 3832 κενοῦ
875 3784 957 3833 ὁτιοῦν
968 3783 1121 3844 οἰσθήσεται,
1137 3786 1287 3848 συμὸήσεται

207 3877 282 3921 τοῦτο
295 3873 323 3922 τὸ
336 3872 464 3922 ἀδύνατον·
477 3873 501 3920 ἐν
513 3873 561 3936 ἰσῳ
576 3871 621 3937 γὰρ
637 3873 784 3935 ληφθήσεται
800 3872 887 3936 πλῆρές
901 3888 925 3922 τε
943 3873 969 3921 δν
984 3871 1095 3929 διεξιέναι
1109 3890 1133 3922 τι
1149 3875 1190 3922 καὶ
1205 3875 1287 3923 κενόν·

209 3961 277 4011 ἔσται
295 3961 341 4025 γάρ
356 3977 379 4009 τι
395 3961 512 4022 ἀνάλογον
528 3962 602 4024 σῶμα
616 3961 698 4024 ἕτερον
715 3962 774 4025 πρὸς
789 3961 870 4024 ἕτερον
883 3963 916 4017 ὡς
929 3961 1018 4026 χρόνος
1028 3963 1087 4026 πρὸς
1098 3963 1193 4025 χρόνον.
1210 3963 1251 4018 Ὡς
1265 3965 1289 4012 δ’

209 4051 234 4098 ἐν
250 4049 374 4112 κεφαλαίῳ
389 4047 478 4108 εἰπεῖν,
492 4051 564 4109 δῆλον
578 4050 607 4100 τδ
623 4054 667 4099 τοῦ
684 4049 860 4111 συμθαὶνοντος
877 4050 968 4110 αέτιον,
984 4051 1022 4098 ὅτι
1037 4051 1156 4108 κινήσεως
1171 4051 1213 4112 μἐν
1229 4053 1289 4116 πρὸς

212 4137 308 4195 κίνησιν
324 4138 402 4196 πόσης
415 4139 468 4188 ἐστὶ
483 4139 553 4202 λόγος
566 4138 601 4202 (ἐν
616 4138 698 4204 χρόνῳ
710 4139 755 4203 γάρ
771 4138 839 4198 ἐστι,
850 4141 940 4204 χρόνου
953 4139 980 4187 δὲ
993 4138 1084 4196 παντός
1097 4140 1148 4190 ἐστι
1159 4143 1218 4206 πρὸς
1232 4141 1289 4204 χοό·

210 4245 264 4291 νον,
280 4228 471 4293 πεπερασμένων
482 4227 591 4292 ἀμφοῖν),
603 4232 675 4278 κενοῦ
687 4227 712 4276 δὲ
726 4229 783 4292 πρὸς
797 4229 883 4291 πλῆρες
896 4229 941 4278 οὐκ
952 4227 1027 4278 ἔστιν.

331 4318 457 4368 Baucson.
1151 4323 1166 4368 3
