3160 5054
596 441 639 530 Da
657 481 742 532 Loco
760 483 919 534 SENSERIT.

734 963 784 1021 vl.

352 1189 503 1264 Quomodo
521 1191 695 1252 Aristotcles
710 1191 806 1252 locum
822 1193 980 1254 dialectico
1000 1193 1170 1270 drssoitiore

622 1299 892 1378 circumscripserit.

258 1527 429 1606 Disputatae
445 1531 516 1588 sunt
532 1532 563 1589 et
576 1529 749 1607 repudiatae
762 1533 827 1589 tres
845 1529 883 1590 de
896 1533 1045 1607 quattuor
1063 1530 1300 1591 definitionibus

219 1643 334 1719 quibus
354 1644 458 1704 locum
475 1645 630 1704 contineri
650 1663 742 1723 posse
761 1643 1050 1706 existimabamust.
1071 1648 1173 1706 Locus
1196 1663 1302 1724 neque

250 1819 283 1882 (1)
295 1819 451 1884 interposuit
467 1819 508 1869 hic
522 1821 672 1871 Aristoteles
688 1821 827 1871 sententias
841 1820 916 1871 valde
932 1821 1053 1872 obscuras
1068 1822 1123 1885 (210
1140 1837 1155 1871 a
1169 1825 1199 1872 24
1211 1849 1243 1858 —-
1257 1827 1303 1872 210

218 1907 234 1957 b
253 1910 291 1970 27)
305 1923 369 1972 quas
384 1909 511 1973 explicare
527 1910 685 1973 conabimur,
700 1911 819 1974 quamvis
833 1911 865 1960 ad
881 1924 935 1960 rem
954 1911 999 1960 vix
1013 1911 1075 1960 satis
1088 1911 1228 1961 videantur
1243 1924 1301 1974 per-

218 1995 296 2047 tinere
313 2017 318 2047 z
338 2001 401 2047 Octo
420 2001 481 2048 sunt
495 1998 577 2058 modi,
592 1999 685 2062 quibus
700 2000 727 2048 in
742 1999 792 2048 alia
809 2012 836 2048 re
851 1999 949 2063 aliquid
967 2013 1024 2049 esse
1043 2003 1122 2064 queat
1138 2018 1144 2048 :
1160 2002 1190 2049 ut
1204 2013 1261 2063 pars
1275 1998 1302 2050 in

217 2089 286 2146 tolo,
304 2091 332 2136 ut
347 2089 432 2136 tolum
447 2087 474 2136 in
491 2087 665 2150 partibussut
680 2089 774 2151 species
788 2088 815 2137 in
829 2101 919 2151 genere
937 2089 977 2138 vel
995 2102 1075 2150 genus
1091 2088 1118 2137 in
1135 2087 1217 2151 specie
1229 2088 1299 2151 leon·

217 2175 314 2224 linetur
326 2176 394 2225 enim
405 2189 483 2238 genus
497 2176 524 2225 in
535 2177 683 2226 delinitione
694 2177 799 2240 speciei,
813 2177 884 2227 velut
896 2179 924 2228 τὸ
937 2178 1010 2244 μέρος
1023 2183 1068 2228 τοῦ
1084 2177 1161 2234 elice<
1170 2179 1194 2226 ἐν
1209 2182 1243 2235 τῷ
1256 2184 1301 2228 τοῦ

218 2265 294 2322 εἴδους
307 2265 391 2328 λόγῳ),
405 2269 434 2314 ut
449 2263 531 2314 forma
545 2265 571 2314 in
589 2266 696 2316 material
710 2270 736 2316 et
748 2265 881 2316 efficienda
901 2279 941 2316 res
955 2267 982 2316 in
997 2280 1074 2316 causa
1087 2270 1206 2317 movente
1223 2267 1265 2329 (ὡς
1277 2267 1301 2316 ἐν

217 2354 315 2416 βασιλεῖ
328 2355 360 2402 τὰ
375 2357 424 2404 τῶν
441 2353 588 2419 Ἑλλήνων),
605 2357 633 2404 ut
647 2358 733 2405 motus
749 2355 775 2404 in
787 2355 845 2414 line,
859 2359 1041 2420 postremoque
1060 2358 1090 2404 ut
1105 2354 1257 2404 inclusores
1272 2355 1300 2404 in

217 2453 277 2490 uase
291 2445 336 2491 aut
353 2442 381 2491 in
403 2441 467 2492 loeo.
483 2468 513 2480 -
532 2445 635 2500 Quaeret
653 2443 794 2508 quispiam,
812 2459 874 2493 num
895 2445 922 2492 in
944 2444 1084 2507 semetipsa
1105 2457 1147 2493 res
1168 2443 1223 2492 ulla
1247 2456 1302 2492 esse

216 2533 309 2594 queat?
319 2559 351 2567 —
365 2531 429 2582 Gum
441 2531 536 2595 duplex
550 2546 580 2582 ea
591 2533 701 2597 quaestio
714 2534 761 2593 sit,
775 2534 830 2583 sive
842 2533 967 2597 significas
982 2547 1034 2582 rem
1054 2546 1109 2583 esse
1123 2532 1150 2581 in
1166 2531 1301 2595 semetipsa

213 2633 267 2684 per
279 2633 316 2683 sc,
332 2621 385 2671 sive
397 2635 447 2684 per
461 2621 553 2682 uliud,
566 2621 793 2672 demonstraturus
806 2623 845 2672 est
858 2621 1010 2672 Aristoteles
1024 2619 1077 2670 ficri
1092 2634 1166 2684 posse
1178 2623 1208 2669 ul
1222 2620 1302 2670 resin

217 2709 352 2772 semetipsa
366 2710 400 2759 sit
418 2723 462 2774 per
477 2710 549 2760 aliud
564 2711 591 2773 (i.
606 2725 629 2761 e.
648 2725 693 2774 per
711 2714 796 2774 partes
815 2711 896 2773 suas),
916 2710 988 2760 nullo
1007 2713 1093 2759 aulem
1113 2709 1189 2759 modo
1205 2723 1250 2772 per
1265 2723 1300 2759 se.

219 2798 349 2847 «Dicetur
360 2801 444 2848 totum
457 2813 512 2849 esse
522 2799 548 2848 in
561 2800 709 2863 semetipso,
725 2800 785 2863 quia
801 2803 887 2863 partes
904 2801 963 2848 sunt
978 2802 1003 2848 ιι
1018 2799 1045 2848 id
1060 2798 1130 2861 quod
1145 2797 1262 2847 continet
1276 2801 1301 2846 et

219 2907 231 2929 ιι
245 2885 310 2936 illud
320 2886 389 2951 quod
404 2888 551 2938 continetur
565 2889 646 2954 (popm
655 2895 699 2948 coir
715 2891 772 2939 ὅλου
787 2890 816 2938 τὸ
828 2893 853 2938 ἐν
868 2884 886 2956 ᾧ
899 2891 940 2938 καὶ
955 2891 983 2938 τὸ
998 2889 1021 2937 ἐν
1033 2887 1133 2950 τουτῷ),
1151 2889 1218 2938 Sunt
1232 2887 1300 2936 enim

219 2991 231 3021 ιι
245 2975 363 3038 quaedam
375 2976 556 3040 appellationes
569 2978 606 3028 rei
617 2977 696 3028 totius
713 2992 726 3028 e
738 2969 939 3027 consideratione
956 2977 1068 3040 partium
1087 2975 1174 3026 ductae
1193 2975 1300 3039 (λέγεται

217 3081 230 3111 ι
245 3065 309 3113 κατὰ
321 3065 392 3131 μέρη)
409 3083 415 3114 ι
430 3065 531 3125 album,
544 3067 653 3130 exempli
664 3067 759 3130 gralia,
775 3046 871 3116 dicitur
885 3066 912 3116 id
926 3068 999 3130 cujus
1011 3064 1157 3129 superficies
1172 3067 1211 3114 est
1227 3063 1298 3124 alba,

219 3170 230 3200 ιι
246 3153 399 3217 doctumque
413 3155 486 3217 cujus
498 3169 570 3205 mens
584 3159 622 3206 est
636 3155 719 3205 docta.
733 3157 858 3212 Quocirca
869 3169 916 3204 nec
928 3168 974 3204 ιιι
989 3155 1038 3204 erit
1049 3154 1076 3202 in
1088 3153 1237 3216 semetipso,
1254 3166 1299 3202 nec

218 3261 230 3285 ιι
245 3241 348 3302 vinum,
364 3242 409 3292 sed
425 3242 479 3292 vini
494 3257 539 3293 ιιι
549 3244 606 3294 erit.
620 3244 701 3294 Ambo
719 3244 801 3303 enim,
814 3243 840 3293 id
855 3244 959 3307 inquam
970 3243 1041 3307 quod
1060 3242 1128 3292 inest
1146 3245 1172 3291 et
1189 3240 1255 3290 illud
1273 3241 1299 3289 in

218 3346 230 3376 ιι
246 3343 298 3392 quo
309 3333 348 3380 est
359 3330 381 3394 (ὅ
395 3349 423 3380 τε
433 3333 479 3398 γὰρ
493 3335 534 3382 και
548 3334 572 3382 ἐν
586 3328 616 3401 ᾧ)
630 3332 744 3396 ejusdem
763 3335 824 3382 sunt
838 3336 924 3396 partes
943 3351 948 3381 z
962 3331 1103 3394 eodemque
1121 3328 1197 3379 modo
1212 3343 1256 3378 vas
1273 3329 1299 3378 in

218 3436 230 3465 ιι
246 3432 306 3469 ιιιι
324 3420 379 3469 vini
392 3419 441 3470 erit
458 3434 511 3484 quo
527 3420 617 3472 albedo
634 3425 679 3472 aut
694 3422 799 3472 scientia
814 3421 841 3471 iu
857 3421 968 3471 homine.
986 3437 998 3466 n
1019 3421 1131 3482 (Versus
1145 3418 1210 3468 enim
1224 3423 1269 3466 210
1286 3432 1301 3467 ι

217 3511 291 3557 33-34
304 3508 331 3557 in
344 3507 413 3558 hunc
431 3509 536 3558 modum
555 3510 702 3561 scribendos
717 3525 772 3561 esse
791 3524 923 3560 censemus
944 3529 950 3560 ε
971 3511 1037 3560 οὕτω
1053 3509 1095 3572 μὲν
1116 3508 1158 3558 οὖν
1178 3508 1301 3571 ἐνδέχεται

217 3595 276 3646 αὐτό
294 3615 316 3646 τι
335 3599 360 3647 ἐν
379 3600 460 3660 ἑαυτῷ
480 3599 542 3648 εἶναι
560 3599 668 3663 (πρώτως
685 3602 705 3649 δ’
725 3601 770 3650 οὐκ
787 3599 917 3664 ἐνδέχεται)
933 3600 984 3649 οἷον
1005 3600 1033 3648 τὸ
1049 3598 1135 3647 λευκὸν
1153 3597 1178 3646 ἐν
1196 3597 1301 3660 σώματι.

216 3687 287 3734 Intra
298 3686 460 3748 parenthesin
472 3688 540 3737 enim
553 3689 602 3738 nisi
613 3692 740 3752 ponantur
750 3689 829 3739 verba
839 3690 945 3755 πρώτως
956 3689 978 3737 δ’
993 3688 1038 3736 οὐκ
1051 3688 1190 3750 ἐνδέχεται,
1204 3684 1301 3734 discre-

216 3778 260 3836 pat
274 3775 401 3824 sententia
414 3777 543 3826 omninoa
557 3778 668 3839 celeris.)
683 3777 813 3840 Significat
827 3777 906 3841 igitur
917 3775 1068 3826 Aristoteles
1078 3789 1109 3824 eo
1123 3774 1198 3824 modo
1210 3772 1300 3822 vinum

216 3875 271 3912 esse
285 3862 312 3911 in
326 3876 386 3914 vase
401 3863 542 3924 inclusum,
559 3869 589 3914 ut
607 3879 638 3916 ex
652 3845 713 3916 vase
727 3869 752 3916 et
766 3867 826 3916 vino
844 3865 956 3938 solidum
975 3863 1074 3928 aliquid
1094 3863 1151 3924 liat,
1168 3861 1239 3926 quod
1255 3873 1301 3910 ιιι

216 3949 270 3999 vini
282 3951 447 4014 appellamus.
463 3956 514 4004 Vas
530 3953 609 4018 igitur·
622 3955 689 4014 vlni,
705 3958 832 4018 quatenus
848 3955 938 4004 vinum
954 3957 1006 4014 ιιι,
1023 3954 1050 4002 in
1064 3966 1124 4002 ιιιι
1138 3950 1297 4008 continetur;

216 4043 343 4102 quatenus
357 4043 442 4090 autem
460 4055 506 4092 vas
524 4046 576 4102 est,
590 4043 679 4093 vinum
697 4043 810 4093 continet
826 4060 830 4092 :
848 4057 878 4093 ex
897 4057 949 4106 quo
966 4042 1007 4102 fit,
1023 4045 1052 4091 ut
1070 4040 1234 4104 semetipsum
1251 4049 1297 4086 ιιι

215 4127 271 4177 vini
285 4128 397 4192 quodam
408 4129 485 4180 modo
500 4131 638 4182 contineat.
653 4135 702 4182 Per
713 4136 798 4196 partes
812 4146 870 4196 ergo
885 4145 958 4192 suas,
972 4131 1061 4180 vinum
1074 4130 1131 4180 dico
1144 4132 1169 4178 et
1181 4139 1234 4186 vas,
1247 4139 1298 4175 non

216 4229 262 4278 per
276 4230 302 4266 se
317 4217 438 4284 (πρώτως)
453 4233 497 4269 ιιι
511 4220 566 4269 vini
579 4221 606 4270 in
627 4221 761 4286 semetipso
776 4225 822 4272 est.
841 4223 895 4271 Hoc
909 4220 984 4288 idem
996 4219 1037 4278 m,
1051 4232 1109 4268 eum
1124 4215 1235 4266 dicimus
1248 4214 1297 4264 ho-
