3160 5054
303 494 332 540 48
689 490 769 546 QUlD
786 490 1005 540 ARISTOTELES

302 653 407 713 aque,
426 634 544 713 quippe
566 649 636 711 quce
657 631 780 692 nullum
802 632 905 692 locum
930 635 1020 694 antea
1043 633 1232 694 obtinerent.
1256 635 1291 694 ln
1315 651 1388 695 vase

302 751 386 809 enim
402 749 513 809 mobili
527 747 770 808 continebantur
781 764 817 807 ac
828 747 1035 808 movebantur
1048 747 1131 808 sicut
1142 753 1249 826 partes
1264 748 1297 808 in
1309 752 1387 821 toto,

302 883 367 925 non
386 868 422 925 ut
443 865 582 924 locatum
603 863 636 922 in
654 863 745 923 loco:
760 862 845 939 quod
862 867 968 924 autem
988 863 1095 924 locum
1114 880 1177 923 non
1198 864 1336 936 obtinet,
1357 865 1390 924 id

301 981 407 1040 locum
432 983 554 1039 mutare
581 995 644 1038 non
668 981 783 1057 potest.
809 978 917 1056 Igitur,
941 982 1082 1038 mutante
1109 978 1215 1040 locum
1241 997 1333 1054 vose,
1357 979 1390 1039 in

304 1095 416 1155 codem
441 1093 648 1154 nihilominus
670 1091 745 1173 (non
769 1094 833 1153 ‘toro
857 1092 1002 1170 quidem,
1026 1094 1176 1170 quoniam
1198 1095 1303 1155 locum
1326 1112 1390 1155 non

303 1209 430 1289 habent,
447 1209 502 1269 sed
518 1207 589 1288 toto)
607 1211 713 1286 partes
729 1211 760 1268 et
775 1212 890 1268 suntet
903 1211 1081 1269 moventur.
1097 1210 1388 1284 verumenimvero,

306 1327 332 1386 si
345 1324 544 1386 intervallum
558 1323 642 1400 quod
657 1323 740 1401 jacet
753 1324 835 1383 inter
845 1323 944 1384 latera
956 1323 1039 1384 vasis
1055 1323 1229 1385 credideris
1249 1341 1318 1385 esse
1333 1343 1390 1404 per

305 1458 338 1502 se
352 1440 483 1518 aliquid,
496 1439 583 1499 idem
597 1438 715 1499 senties
728 1439 905 1498 necessario
918 1438 957 1499 de
969 1438 1131 1499 intervallo
1145 1439 1200 1499 illo
1212 1440 1297 1517 quod
1308 1440 1391 1502 inter

306 1557 386 1617 duas
405 1553 565 1632 quaslibet
583 1570 672 1632 aquae
692 1557 797 1632 partes
816 1554 1005 1628 extenditur,
1023 1554 1141 1633 quippe
1157 1555 1242 1632 quod
1257 1573 1329 1633 pars
1348 1557 1391 1617 sit

304 1672 401 1731 totius
420 1669 588 1730 intervalli.
606 1668 704 1739 Quam
719 1645 820 1746 igitur
831 1667 988 1729 rationem
1001 1687 1083 1746 aqua
1099 1669 1246 1730 universa
1257 1670 1297 1730 ad
1313 1688 1390 1732 con·
1430 1717 1433 1722 .

304 1787 409 1845 tinens
426 1802 479 1844 vas
496 1783 647 1858 habebat,
663 1783 744 1844 hanc
760 1783 893 1844 eandem
911 1801 982 1862 pars
997 1802 1194 1864 unaquaeque
1208 1785 1338 1846 habebit
1351 1787 1389 1848 ad

306 1903 410 1979 partes
423 1899 538 1978 quibus
552 1898 782 1959 circumdatur:
799 1898 1068 1976 quemadmodum
1083 1917 1137 1960 vas
1150 1901 1256 1961 locum
1269 1905 1390 1962 mutare

306 2019 412 2094 potest
431 2015 464 2074 in
484 2031 571 2086 aere,
590 2014 634 2074 ita
649 2031 720 2092 pars
735 2031 824 2091 aquae
841 2014 958 2100 poterit
979 2018 1103 2075 mutare
1122 2014 1226 2076 locum
1250 2016 1283 2076 in
1304 2034 1388 2078 vase.

308 2131 362 2191 llis
379 2129 506 2209 positiS,
524 2131 572 2190 fac
593 2128 655 2188 alio
674 2146 729 2188 vas
752 2128 936 2189 transferri:
954 2130 1009 2189 liet
1031 2132 1066 2190 ut
1088 2129 1167 2190 duos
1187 2131 1274 2191 locos
1296 2132 1391 2192 simul

307 2246 437 2323 impleat
452 2262 523 2322 pers
536 2261 626 2321 aquae
641 2243 694 2303 illa
707 2260 777 2321 quae
792 2244 879 2304 intus
894 2245 1098 2306 movebatur:
1112 2245 1215 2323 primo
1231 2235 1337 2307 locum
1352 2247 1391 2307 ad

307 2377 402 2438 quem
424 2377 457 2420 se
482 2360 567 2420 intus
595 2359 628 2419 in
653 2376 725 2419 vase
749 2359 925 2432 transtulit,
952 2359 1067 2420 deinde
1092 2364 1123 2420 et
1144 2360 1280 2421 alterum
1300 2361 1392 2422 illum

307 2476 411 2536 locum
432 2492 526 2553 quem
546 2475 579 2534 in
598 2491 685 2546 aere,
706 2474 755 2534 vel
770 2474 892 2552 potius,
909 2473 935 2534 si
950 2475 1117 2548 malueris,
1135 2475 1167 2535 in
1188 2480 1256 2536 toto
1273 2477 1392 2538 mundo

305 2608 361 2652 vas
379 2591 511 2652 obtinet.
533 2592 610 2650 Esse
625 2593 732 2650 autem
748 2589 829 2649 duos
848 2591 982 2650 alterum
997 2590 1028 2649 in
1040 2590 1140 2650 altero
1155 2591 1251 2664 locoS,
1271 2593 1338 2664 vel,
1358 2597 1394 2652 ut

306 2707 350 2766 ait
364 2706 563 2778 Aristoteles
574 2705 682 2765 locum
693 2704 767 2778 loci,
782 2705 912 2764 omnino
925 2705 1109 2765 absurdum.
1126 2707 1172 2765 Ex
1189 2724 1252 2784 quo
1266 2707 1392 2785 colligi-

306 2839 395 2895 mus,
413 2820 509 2880 simili
525 2837 631 2880 errore
652 2820 754 2880 teneri
777 2823 808 2880 et
829 2837 883 2880 eos
901 2820 955 2897 qui
980 2820 1183 2881 intervallum
1199 2839 1269 2882 esse
1286 2839 1344 2900 per
1359 2839 1392 2882 se

307 2935 429 3013 aliquid
445 2936 641 3006 existimant,
663 2938 694 2995 et
709 2934 780 2994 illos
796 2935 849 3012 qui
869 2935 1005 2995 mobiles
1019 2953 1070 2994 res
1086 2936 1169 2995 intra
1188 2937 1305 2997 mobile
1324 2954 1393 2998 cor·

308 3069 367 3130 pus
385 3049 498 3111 eodem
512 3050 609 3110 modo
624 3050 745 3110 moveri
761 3042 871 3128 putant
886 3067 948 3127 quo
960 3050 1096 3110 mobiles
1112 3051 1195 3112 intra
1214 3051 1390 3113 immobile.

310 3165 510 3226 Emendanda
525 3169 574 3225 est
589 3165 686 3244 igitur
698 3149 840 3224 definitio
855 3169 975 3236 nostre,
997 3166 1048 3225 vel
1070 3166 1177 3244 potius
1191 3167 1390 3228 absolvenda.

307 3283 426 3342 Locum
446 3281 587 3341 dicemus
603 3297 672 3340 eam
691 3298 758 3341 rem
774 3297 842 3340 esse
858 3253 1119 3359 quaefmotionem
1133 3282 1266 3343 aliarum
1284 3301 1392 3344 rerum

307 3396 389 3456 intra
406 3413 439 3456 se
454 3396 629 3470 contineat,
647 3395 716 3473 ipsa
729 3399 836 3456 autem
857 3412 920 3456 non
934 3400 1108 3457 moveatur.

347 3511 476 3572 Conoisa
504 3510 658 3570 brevitate
682 3511 894 3570 Aristoteles:
922 3534 937 3565 <‹
963 3511 1051 3571 Sicut
1073 3529 1125 3572 vas
1150 3517 1198 3573 est
1221 3514 1310 3574 locus
1336 3515 1392 3592 qui

307 3649 322 3680 «
338 3626 501 3686 transferri
521 3630 641 3704 potest,
663 3625 708 3686 ita
727 3625 817 3686 locus
841 3630 889 3686 est
909 3643 963 3686 vas
985 3626 1188 3690 immobile...
1213 3629 1391 3690 Immobilis

308 3764 323 3794 «
339 3742 409 3802 vult
421 3758 490 3801 esse
504 3741 591 3802 locus
602 3739 624 3802 ¹.
646 3764 661 3796 »
680 3741 947 3818 Quotiescumque
965 3741 1061 3820 igitur
1076 3744 1258 3804 movebitur
1268 3749 1299 3804 et
1313 3744 1392 3806 illud

340 3940 372 4003 (t)
387 3940 470 4004 Pitye.
489 3942 535 4002 tv,
551 3945 610 3999 212,
627 3953 654 4002 a,
674 3944 701 3989 14
721 3958 727 3989 z
750 3942 837 3990 ἔστιδ’
857 3945 940 4004 ὥσπερ
959 3944 988 3991 τὸ
1009 3943 1105 4005 ἀγγεῖον
1123 3946 1196 4001 τόπος
1216 3947 1392 4010 μεταφορητός,

308 4030 372 4078 οὕτω
386 4031 427 4078 καὶ
446 4031 458 4079 d
473 4032 547 4085 τόπος
565 4030 663 4091 ἀγγεῖον
681 4028 885 4092 ἀμετακίνητον...
903 4031 1021 4081 botrata
1040 4033 1060 4080 δ’
1075 4032 1185 4091 ἀκίνητος
1203 4033 1291 4082 elvard
1309 4037 1392 4090 τόπος.

308 4143 340 4153 -
355 4117 438 4181 rbus.
454 4119 488 4179 V,
504 4121 561 4176 224,
577 4116 607 4179 b,
623 4122 657 4166 5:
676 4119 731 4167 οὔτε
747 4119 793 4182 γὰρ
807 4124 870 4168 κινεῖ
881 4119 935 4168 οὔτε
948 4125 1050 4169 κινεῖται
1067 4122 1094 4171 τὸ
1110 4122 1172 4177 εἶδος
1186 4124 1201 4181 ἢ
1216 4123 1230 4170 d
1245 4125 1320 4178 τόπος
1336 4125 1351 4182 ἢ
1364 4124 1394 4172 τὸ

309 4206 420 4270 τοσόνδε,
436 4205 492 4256 ἀλλ’
506 4205 557 4256 ἔστι
572 4211 653 4256 κινοῦν
666 4207 708 4256 καὶ
720 4208 858 4270 κινούμενον
874 4208 914 4257 καὶ
930 4209 963 4265 εἰς
977 4209 990 4258 ὃ
1004 4215 1135 4260 κινεῖται...
1153 4211 1189 4260 Τὰ
1203 4210 1223 4258 δ’
1239 4212 1290 4269 εῐδη
1305 4212 1346 4260 καὶ
1362 4211 1393 4261 τὰ
