3160 5054
304 511 332 556 21
690 507 770 564 QUID
787 505 1001 556 ARISTOTELES

304 651 392 722 Quod
417 651 443 710 si
466 651 570 726 tieret,
592 650 656 711 duo
677 667 808 728 corpora
827 650 961 711 alterum
981 649 1014 712 in
1032 648 1132 710 altero
1152 653 1267 710 essent.
1285 651 1386 711 Immo

301 767 414 841 otiam,
427 783 499 828 cum
509 766 594 827 nulla
607 766 687 827 ratio
703 766 922 826 differentiave
933 765 1064 826 obtendi
1078 769 1173 844 queat
1184 783 1239 828 cur
1253 766 1386 827 tertium

302 885 511 963 quartumque
527 899 640 962 corpus
653 880 813 960 quoddam
829 881 943 942 eodem
959 882 1121 942 intervallo
1136 899 1200 942 non
1215 882 1385 960 potiantur,

302 1015 365 1058 nou
379 998 446 1076 jam
463 1015 513 1058 res
531 998 619 1070 duae,
637 997 693 1058 sed
715 1014 847 1075 corpora
869 1001 1081 1075 quotcumque
1103 997 1136 1058 in
1160 1014 1258 1058 unum
1279 997 1387 1059 locum

302 1117 396 1174 erunt
416 1112 617 1175 conserenda.
634 1114 711 1173 Gum
730 1130 807 1174 vero
822 1131 861 1173 ex
880 1130 1047 1192 parvarum
1062 1130 1169 1174 rerum
1183 1113 1387 1176 multitudine

302 1240 448 1308 magnam
470 1247 538 1290 rem
561 1226 708 1289 addendo
730 1229 892 1303 conficias,
906 1227 1021 1289 habeas
1039 1231 1144 1291 autem
1168 1229 1201 1288 in
1221 1229 1387 1290 intervallo

301 1349 356 1406 tuo
370 1345 418 1406 vei
434 1345 549 1424 exiguo
563 1361 694 1423 corpora
709 1349 924 1422 quotcumque
942 1344 1037 1404 simul
1050 1344 1214 1418 collocata,
1228 1345 1388 1423 oportebit

301 1461 471 1522 maximam
485 1478 553 1521 rem
569 1461 602 1520 in
617 1460 751 1520 minima
772 1459 927 1548 contineri
942 1478 1034 1538 posse
1049 1461 1192 1535 fateariS,
1209 1477 1267 1521 noc
1283 1461 1386 1522 sotum

302 1576 435 1655 aequalia
454 1576 563 1648 multa,
585 1576 640 1636 sed
660 1580 692 1636 et
707 1576 875 1654 inaequalia
895 1575 1041 1654 quaedam
1061 1576 1143 1636 intra
1157 1576 1288 1636 eosdem
1308 1578 1387 1637 tinos
1422 1579 1426 1590 '

302 1692 455 1754 includas.
478 1694 544 1752 Hoc
567 1695 676 1752 autem
697 1691 824 1752 videtur
849 1692 981 1752 omnino
1014 1710 1084 1752 esse
1114 1690 1322 1754 absurdum⁴.
1347 1728 1387 1736 -

302 1808 487 1887 Argumenti
502 1808 569 1887 ejus
583 1811 727 1868 auctores
748 1808 892 1886 quamvis
912 1808 1098 1869 Aristoteles
1120 1825 1183 1868 non
1206 1813 1384 1881 enumeret,

303 1923 466 1986 Melissum
479 1924 571 2002 paulo
587 1923 667 1984 intra
679 1921 856 2001 designat²,
879 1924 949 2002 qui,
973 1923 1032 1984 etsi
1053 1923 1145 1984 inane
1161 1940 1230 1984 esse
1247 1924 1385 2002 negavit,

301 2043 524 2118 argumentum
536 2042 641 2100 tamen
651 2037 736 2099 istud
748 2039 922 2117 usurpavit,
935 2042 969 2100 ut
979 2039 1208 2100 demonstraret
1218 2055 1281 2099 non
1292 2057 1386 2118 posse

301 2155 362 2215 nisi
385 2155 417 2215 in
435 2171 535 2215 vacuo
555 2172 685 2233 corpora
704 2171 737 2214 se
755 2171 904 2216 movere:
922 2172 960 2214 ex
976 2171 1040 2233 quo
1058 2154 1199 2233 collegit,
1222 2153 1301 2214 nihil
1315 2171 1385 2216 om-

301 2271 377 2334 nino
390 2271 521 2331 moveri.

341 2387 483 2448 Alterum
503 2389 609 2447 autem
626 2389 848 2464 argumentum
870 2404 908 2446 ex
930 2404 967 2447 eo
990 2392 1134 2459 sumunt,
1150 2387 1236 2465 quod
1255 2404 1389 2466 corpora

302 2503 448 2582 quaedam
463 2501 611 2562 videntur
627 2503 774 2563 coeuntia
789 2502 974 2581 comprimi,
990 2507 1025 2566 ut
1045 2504 1079 2562 tit
1100 2503 1155 2564 ubi
1176 2503 1298 2564 dolium
1313 2503 1387 2563 vino

301 2618 431 2698 plenum
447 2623 534 2680 utres
548 2619 681 2697 insuper
693 2618 808 2696 recipit
828 2619 860 2679 in
881 2619 997 2704 quibus
1017 2619 1129 2680 vinum
1144 2619 1385 2694 continebatur:

301 2735 404 2796 inesse
419 2735 516 2813 igitur
528 2751 623 2796 vacua
640 2734 817 2808 intervalla,
830 2734 862 2793 in
878 2751 948 2812 quae
962 2752 996 2794 se
1011 2735 1174 2796 conferant
1184 2738 1290 2814 partes
1301 2751 1387 2798 com·

302 2868 434 2929 pressae,
450 2849 675 2912 contendunt³.

332 3001 365 3065 (1)
382 3001 460 3064 Phys.
474 3003 515 3060 lv,
530 3006 584 3063 2¹3,
598 2999 623 3059 b,
637 3006 650 3048 2
663 3019 668 3050 :
679 3001 747 3050 οὗτοι
759 3007 801 3064 μὲν
813 3001 856 3050 οὖν
868 3002 895 3050 σὺ
904 3001 966 3049 κατὰ
977 3001 1047 3063 θύρας
1058 3005 1116 3066 πρὸς
1130 3002 1158 3051 τὸ
1169 3001 1298 3066 aedituum
1312 3002 1364 3050 ἀπα
1379 3031 1388 3039 -

301 3098 385 3152 τῶοιν,
410 3092 463 3143 ἀλλ’
480 3095 502 3141 οἱ
516 3093 649 3155 φάσκοντες
672 3093 734 3142 εἶναι
755 3094 852 3155 μᾶλλον.
870 3092 977 3155 Λέγουσι
991 3091 1015 3141 δ’
1032 3092 1057 3141 ἒν
1074 3092 1115 3155 μὲν
1133 3092 1172 3140 ὅτι
1186 3092 1279 3149 κίνησις
1292 3096 1307 3151 ἡ
1322 3094 1388 3142 κατὰ

301 3182 377 3232 τόπον
390 3182 435 3232 οὐκ
449 3183 478 3230 ἂν
494 3183 531 3238 εἴη
547 3181 618 3243 (αὕτη
632 3180 655 3229 δ’
672 3181 725 3230 ἐστὶ
740 3181 801 3245 φορὰ
814 3182 856 3230 καὶ
873 3182 988 3244 autema)-
1004 3181 1091 3247 οὐγὰρ
1107 3183 1135 3231 ἂν
1148 3183 1229 3230 δοκεῖν
1242 3182 1304 3230 εἶναι
1318 3181 1388 3241 κίνη·

301 3290 354 3331 σιν,
370 3273 439 3336 εἰμὴ
455 3271 492 3330 εἴη
510 3270 591 3320 κενόν1
607 3271 636 3320 τὸ
650 3271 696 3336 γὰρ
707 3257 803 3335 Ιπλῆρες
823 3272 941 3320 ἀδύνατον
963 3271 1026 3320 εἶναι
1041 3269 1153 3328 δέξασθαί
1170 3287 1201 3320 τι.
1216 3272 1246 3320 Εἰ
1258 3271 1283 3319 δὲ
1295 3271 1387 3327 δέξεται

302 3362 342 3411 καὶ
355 3360 424 3410 ἔσται
439 3360 482 3410 δύο
495 3360 520 3409 ἐν
535 3361 627 3422 ταύτῷ,
642 3357 766 3424 ἐνδέχοιτ’
781 3361 810 3408 ἀν
824 3361 866 3408 καὶ
881 3362 1006 3408 ὁποσαοῦν
1019 3360 1081 3408 εἶναι
1094 3359 1146 3422 ἅμα
1158 3360 1272 3421 σώματα·
1286 3361 1329 3418 τὴν
1341 3359 1387 3422 γὰρ

301 3449 425 3516 διαφοράν,
439 3447 476 3499 δι’
489 3451 518 3508 ἣν
533 3449 577 3498 οὐκ
589 3450 618 3497 ᾰν
634 3447 671 3508 εἴη
683 3450 712 3498 τὸ
732 3447 823 3511 λεχθέν,
839 3449 884 3498 οὐκ
899 3450 966 3498 ἐστιν
979 3449 1065 3497 εἰπεῖν.
1078 3451 1108 3498 Et
1123 3449 1150 3497 δὲ
1165 3453 1237 3497 τοῦτο
1248 3449 1386 3510 ἐνδέχεται,

301 3540 381 3588 καὶτὸ
399 3539 543 3605 μικρότατον
558 3535 651 3594 δέξεται
665 3538 693 3587 τό
708 3539 833 3600 μέγιστον·
848 3537 926 3586 πολλὰ
939 3537 985 3600 γὰρ
998 3537 1072 3602 μικρά
1087 3538 1138 3586 ἐστι
1155 3538 1185 3587 τὸ
1200 3538 1270 3601 μέγα·
1286 3537 1348 3586 ὥστ’
1364 3538 1386 3586 εἰ

300 3629 379 3677 πολλὰ
392 3629 436 3678 ἶσα
450 3629 573 3692 ἐνδέχεται
586 3627 610 3675 ἐν
626 3626 709 3690 ταύτῷ
723 3627 800 3686 εἶναι,
812 3627 853 3674 καὶ
865 3627 942 3676 πολλὰ
958 3628 1039 3677 ἄνισα.

333 3717 365 3780 (2)
379 3716 461 3780 rupo.
474 3718 516 3774 lv,
529 3719 582 3774 213,
596 3714 621 3774 b,
636 3719 663 3764 12
677 3732 684 3766 τ
699 3717 820 3772 Μέλισσος
829 3716 872 3779 μὲν
885 3715 927 3766 οὗν
940 3717 981 3765 καὶ
991 3715 1110 3765 δείκνυσιν
1122 3715 1159 3764 ότι
1171 3716 1200 3765 τὸ
1211 3720 1259 3764 πᾶν
1270 3714 1385 3774 ἀκίνητον

301 3807 329 3856 ἐκ
348 3805 451 3855 τούτων·
470 3807 492 3854 εἰ
505 3805 550 3869 γὰρ
564 3805 700 3863 κινήσεται,
722 3805 815 3863 ἀνάγκη
837 3805 898 3854 εἶναι
914 3803 990 3868 (φησί)
1005 3805 1091 3864 κενόν,
1108 3806 1136 3854 τὸ
1155 3805 1181 3853 δὲ
1201 3805 1271 3854 κενὸν
1285 3803 1314 3852 οὐ
1335 3809 1385 3852 τῶν

301 3896 385 3945 ὄντων.

332 3985 365 4048 (3)
376 3983 455 4048 Pitye.
472 3985 515 4042 lv,
531 3987 584 4042 213,
596 3982 621 4042 b,
633 3987 661 4032 14
677 3999 683 4031 :
699 3982 741 4032 ἱνα
751 3982 794 4046 μὲν
808 3981 850 4032 οὖν
864 3983 955 4046 τρόπον
972 3983 1000 4032 ἐκ
1009 3982 1104 4032 τούτων
1118 3981 1269 4032 δεικνύουσιν
1281 3981 1319 4030 ὅτι
1329 3981 1385 4031 ἔστι

300 4092 324 4124 τι
338 4073 415 4133 κενόν,
432 4074 503 4123 ἄλλον
521 4074 545 4122 δ’
558 4073 595 4122 ότι
610 4071 717 4136 φαίνεται
732 4071 784 4122 ἔνια
798 4072 912 4121 συνιόντα
926 4072 968 4121 καὶ
983 4071 1125 4135 πιλούμενα,
1142 4072 1192 4121 otor
1206 4071 1304 4120 καὶτὸν
1319 4071 1384 4120 οἶνόν

300 4181 359 4227 φασι
373 4160 483 4228 δέχεσθαι
502 4162 563 4225 μετὰ
577 4163 625 4210 τῶν
639 4161 723 4211 ἀσκῶν
744 4161 799 4216 τοὺς
818 4159 909 4222 πίθους,
929 4163 961 4216 ὡ;
980 4161 1013 4217 εἰς
1033 4161 1064 4210 τὰ
1078 4161 1165 4215 ἐνόντα
1183 4159 1243 4211 κενὰ
1261 4157 1385 4216 συνιόντος

300 4257 344 4302 τοῦ
358 4252 524 4316 πυκνουμένου
536 4251 657 4315 σώματος.
