3160 5054
598 557 641 605 Du
658 555 745 607 Loco
762 557 924 608 sensuum.
1275 563 1305 610 69

220 702 277 762 bro
296 699 424 779 aperit:
447 699 529 760 tradi
545 699 690 778 proximo
712 701 828 788 cuique
853 701 1023 773 elemento,
1043 702 1082 762 ab
1104 705 1245 763 extremo
1265 704 1305 764 ad

209 815 378 888 medium,
393 815 569 876 motionem
585 815 770 877 circularem
785 815 870 890 caeli;
884 833 922 876 ex
936 833 973 906 ea
993 817 1133 878 motione
1149 818 1234 878 nasci
1251 835 1305 878 so*-

218 933 258 990 lis
278 930 529 1004 conversionem3
547 931 749 992 conversione
768 931 844 991 solis
867 932 979 992 confici
999 931 1233 994 vicissitudines
1254 951 1306 993 an-

220 1046 423 1121 niversarias;
440 1045 727 1107 anniversariarum
746 1045 884 1124 denique
905 1046 1164 1108 vicissitudinum
1186 1047 1305 1109 circulo

219 1161 403 1222 circularem
424 1160 602 1222 continuari
623 1179 715 1239 aquae
733 1161 878 1239 aerisque
900 1150 1109 1222 mutationem
1131 1160 1154 1221 ⁴.
1175 1166 1218 1223 En
1242 1181 1305 1240 quo

220 1277 367 1354 colligere
378 1293 558 1354 possumus,
569 1275 702 1336 eandem
716 1293 842 1337 oausam
854 1293 923 1337 esse
935 1277 1111 1339 curcaelum
1123 1278 1211 1338 locus
1223 1295 1307 1339 com-

221 1391 327 1452 munis
347 1391 480 1466 dicatur,
502 1391 660 1452 elementa
683 1395 790 1452 autem
810 1392 879 1452 loca
899 1393 1079 1452 naturalia:
1096 1393 1305 1471 quaecumad

222 1507 385 1586 exemplar
396 1507 464 1568 caeli
477 1489 672 1580 moveantur,
688 1507 756 1568 caeli
769 1525 893 1586 quoque
906 1507 1071 1568 imitantur
1083 1508 1164 1568 intra
1177 1508 1307 1569 eosdem

221 1623 300 1682 lines
322 1622 578 1699 conversionem,
600 1622 660 1683 boc
679 1625 785 1683 tamen
807 1623 994 1702 interposito
1014 1623 1198 1684 discrimine
1220 1623 1307 1702 quod

225 1739 338 1798 caelum
352 1737 421 1798 loco
437 1738 566 1798 omnino
582 1741 669 1798 caret
683 1737 820 1816 ideoque
834 1737 882 1798 vel
898 1738 1036 1798 maxime
1050 1738 1137 1799 locus
1153 1743 1215 1810 est,
1233 1738 1307 1798 sim·

224 1852 317 1930 plicia
330 1856 437 1913 autem
456 1853 629 1926 elementa,
647 1853 680 1912 in
696 1852 774 1913 caelo
789 1851 925 1926 inclusa,
946 1870 1010 1913 non
1028 1871 1085 1932 per
1107 1872 1156 1926 se,
1174 1853 1230 1914 sed
1251 1871 1309 1932 per

224 1967 399 2044 quandam,
419 1972 455 2028 ut
478 1968 522 2028 ita
542 1968 661 2042 dicam,
683 1969 752 2028 caeli
772 1968 1006 2046 delegationem
1030 1969 1307 2048 imitationemque

224 2099 355 2144 munere
374 2074 436 2143 loci
449 2083 637 2162 funguntur.

265 2280 372 2338 Restat
390 2282 426 2339 ut
444 2295 482 2338 ex
496 2279 536 2338 iis
557 2279 713 2358 angustiis
727 2297 875 2340 exeamus
889 2279 923 2339 in
940 2297 1018 2358 quas
1042 2279 1226 2340 definitione
1245 2280 1307 2340 loci

226 2393 320 2472 primi
333 2393 577 2454 adducebamur.
592 2396 711 2455 Locum
726 2395 866 2472 primum
877 2395 1054 2473 reperimus
1070 2411 1138 2456 esse
1152 2395 1309 2456 lubricum

225 2509 380 2587 lugaxque
396 2509 532 2588 aliquid,
554 2509 639 2587 quod
657 2509 710 2569 vix
729 2513 836 2570 ortum
854 2510 998 2571 videatur
1015 2527 1212 2570 evanescere.
1229 2510 1308 2572 Cum
1367 2497 1370 2504 ’

225 2624 311 2684 enim
331 2623 375 2684 ita
399 2623 568 2684 deliniatur
587 2625 677 2684 locus
701 2625 822 2703 primus
844 2628 879 2685 ut
900 2625 1056 2686 terminus
1077 2625 1119 2685 sit
1143 2625 1189 2685 rei
1212 2626 1310 2687 conti-

225 2739 344 2813 nentis,
361 2739 576 2800 continentem
593 2743 699 2800 autem
715 2757 785 2800 eam
800 2757 868 2800 rem
881 2739 1023 2800 dicamus
1044 2757 1114 2816 quae
1134 2739 1309 2801 immobilis

226 2855 342 2915 mobile
364 2871 477 2934 corpus
501 2854 691 2928 circumdet,
713 2855 795 2915 effici
820 2855 915 2916 debet
943 2859 979 2915 ut
1001 2858 1079 2915 tunc
1106 2856 1308 2934 potissimum

226 2969 390 3029 continens
408 2986 459 3030 res
480 2970 546 3030 vim
568 2969 628 3030 sibi
648 2987 829 3048 nomenque
846 2970 909 3031 loci
928 2969 1070 3031 vindicet
1092 2988 1181 3043 oum,
1204 2971 1308 3032 disoe-

227 3083 320 3144 dente
341 3101 471 3163 corpore
495 3085 632 3157 incluso,
650 3085 856 3146 stabilitatem
873 3103 962 3146 suem
982 3085 1058 3146 facit
1079 3086 1307 3147 manifestam:

225 3204 257 3259 at
272 3199 340 3277 jam
361 3201 448 3260 locus
467 3218 531 3260 non
551 3204 609 3260 est.
621 3200 757 3261 Exsistit
777 3199 872 3279 igitur
891 3201 1043 3278 quasue,
1061 3201 1221 3279 quomodo
1241 3205 1310 3262 tum

226 3315 276 3374 vel
292 3315 429 3376 maxime
442 3332 556 3394 eorpus
572 3316 641 3376 loco
655 3316 759 3394 primo
779 3316 931 3396 potiatur,
947 3333 1020 3376 oum
1041 3301 1148 3377 locum
1169 3315 1310 3394 primum

227 3429 360 3490 deserat.
382 3430 462 3492 Huic
483 3434 589 3491 autem
608 3431 792 3508 quaestioni,
810 3430 896 3490 haud
917 3431 981 3490 scio
996 3449 1035 3492 an
1054 3431 1154 3491 nimia
1172 3431 1310 3509 quadam

227 3545 408 3606 curiositate
424 3546 475 3606 vel
498 3546 651 3624 religione
671 3550 779 3606 nostra
801 3546 971 3618 institutae,
999 3546 1178 3624 conjectura
1202 3547 1310 3624 potius

227 3677 321 3738 quam
334 3664 420 3722 certo
434 3660 498 3722 ullo
515 3661 693 3722 Aristotelis
710 3664 899 3740 argumento
912 3661 1187 3740 respondebimus

255 3827 337 3890 (1ch
351 3830 444 3876 Gener.
459 3831 485 3878 et
497 3829 623 3891 Corrupt.
638 3830 669 3887 ll,
684 3833 738 3886 338,
753 3842 775 3890 a,
793 3833 819 3878 17
836 3833 930 3877 ιτιϋτα
942 3829 986 3892 μὲν
1001 3821 1030 3887 δὴ
1043 3828 1155 3890 εὐλόγως,
1170 3829 1220 3877 ἐπεὶ
1234 3829 1312 3884 ἀΐδιος

227 3917 267 3964 καὶ
284 3917 360 3970 ἄλλως
374 3914 447 3979 ἐφάνη
460 3918 475 3978 ἡ
489 3916 571 3979 κύκλῳ
589 3916 683 3976 κίνησις
698 3917 740 3964 καὶ
755 3919 770 3979 ἡ
783 3921 826 3966 τοῦ
842 3917 958 3980 ούρανοῦ,
974 3917 1011 3966 ’ότι
1027 3921 1104 3966 ταῦτα
1116 3917 1140 3973 ἐξ
1153 3914 1257 3978 ἀνάγκης
1271 3915 1311 3978 γί-

226 4021 290 4052 νεται
305 4006 347 4053 καὶ
359 4004 441 4063 ἔσται,
453 4006 510 4054 ὅσαι
523 4001 610 4064 ταύτης
627 4006 732 4063 κινήσεις
747 4007 789 4054 καὶ
801 4005 857 4054 ὅσαι
875 4007 914 4054 διὰ
929 4005 1027 4064 ταύτην
1044 4009 1064 4054 εἰ
1081 4007 1127 4068 γὰρ
1141 4006 1168 4054 τὸ
1182 3999 1263 4068 κύκλῳ
1277 4023 1312 4054 κι-

225 4094 338 4156 νούμενον
354 4093 393 4144 ἀεί
406 4111 429 4142 τι
442 4099 510 4153 κινεῖ,
525 4093 617 4158 ἀνάγκη
632 4095 778 4144 καὶτούτων
793 4095 875 4158 κύκλῳ
891 4095 952 4144 εἶναι
967 4096 1010 4152 τὴν
1024 4095 1128 4158 κίνησιν,
1141 4094 1191 4144 οἷον
1206 4100 1248 4154 τῆς
1261 4095 1312 4144 ἄνω

227 4188 300 4248 φορᾶς
315 4183 388 4243 οὔσης
404 4183 495 4241 ὁῆλιος
507 4177 589 4246 κύκλῳ
603 4183 657 4240 ὡδί,
672 4184 723 4232 ἐπεὶ
736 4183 848 4244 δὀὕτως,
862 4187 886 4233 αἱ
903 4178 961 4246 ὧραι
977 4186 1016 4234 διὰ
1030 4189 1102 4234 τοῦτο
1117 4182 1197 4248 κύκλῳ
1208 4187 1314 4247 γίνονται

228 4274 269 4321 καὶ
289 4269 490 4335 ἀνακάμπτουσι,
506 4271 600 4321 τούτων
616 4272 707 4322 δὀύτω
720 4271 852 4336 γινομένων
868 4271 939 4323 πάλιν
953 4273 984 4322 τὰ
996 4274 1044 4322 ὑπὸ
1058 4270 1159 4324 τούτων.
