3160 5054
290 537 320 586 38
676 533 756 590 QUlD
772 531 987 580 ARISTOTELES

330 677 519 755 Diligentius
543 673 604 736 hoc
626 675 713 735 idem
733 674 935 754 persequitur
955 674 1156 750 Aristoteles
1183 673 1260 734 dum
1279 691 1375 751 argu-

291 796 397 854 menta
414 792 555 852 confutat
573 791 612 851 ad
632 789 823 852 densitatem
837 789 1039 867 pertinentia.
1065 789 1172 850 Placet
1189 789 1275 848 enim
1294 806 1374 848 non·

290 908 385 968 nullis
400 924 505 968 rarum
520 905 553 966 id
566 923 635 966 esse
652 905 735 984 quod
746 905 816 984 plus
831 905 921 965 vacui
933 904 1102 978 contineat,
1119 904 1253 965 densum
1267 908 1374 964 autem

292 1023 370 1084 illud
394 1022 427 1082 in
449 1041 511 1100 quo
528 1022 633 1083 minus
652 1020 742 1082 vacui
762 1021 941 1081 includatur
962 1038 968 1079 :
987 1038 1058 1098 quae
1077 1037 1147 1080 rara
1169 1020 1242 1092 sint,
1263 1019 1375 1080 cadem

295 1155 363 1199 esse
379 1138 509 1210 leviora,
527 1142 558 1197 et
577 1137 610 1196 in
626 1137 761 1197 sublime
784 1135 966 1210 ascendere,
984 1136 1057 1214 quia
1077 1135 1163 1195 inanl
1182 1152 1309 1196 sursum
1332 1135 1346 1194 f
1363 1166 1375 1178 ·

293 1258 410 1315 rantur.
428 1255 467 1314 At
482 1271 569 1326 vero,
585 1252 612 1312 si
631 1253 724 1312 inane
740 1252 781 1312 sit
795 1269 887 1312 causa
905 1269 959 1312 cur
977 1251 1059 1311 levia
1076 1249 1257 1322 ascendant,
1279 1267 1375 1327 cxpe-

291 1369 360 1429 dias
374 1372 498 1448 oportet
512 1386 608 1446 quare
625 1368 817 1428 descendant
831 1368 983 1445 graviora.
999 1367 1101 1427 Immo
1116 1365 1214 1427 etiam
1234 1366 1260 1424 si
1277 1383 1315 1425 eo
1330 1366 1373 1424 le·

294 1485 363 1546 vius
379 1485 583 1562 velociusque
603 1501 717 1561 corpus
741 1483 782 1542 sit
801 1501 863 1560 quo
885 1483 956 1560 plus
975 1481 1067 1542 vacui
1089 1481 1258 1551 contineat,
1281 1480 1374 1540 inane

296 1601 402 1679 ipsum
418 1599 587 1660 velocitate
611 1602 759 1659 movetur
782 1598 904 1660 infinita
928 1617 934 1656 z
961 1597 1046 1675 quod
1073 1597 1160 1657 nullo
1184 1595 1279 1656 modo
1306 1595 1375 1655 lieri

293 1717 410 1793 potest,
428 1715 580 1792 quoniam
601 1714 682 1774 sicut
703 1713 736 1772 in
757 1713 841 1772 inani
866 1731 998 1791 corpora
1016 1731 1079 1772 non
1101 1713 1315 1783 moverentur,
1332 1709 1375 1769 ita

299 1831 390 1890 inane
406 1829 529 1909 ipsum,
552 1829 578 1889 si
597 1834 693 1902 esset,
715 1833 857 1888 maneret
877 1826 1075 1888 immobilet.
1099 1825 1250 1888 Concedit
1268 1830 1377 1885 tamen·

294 1945 478 2005 Aristoteles
502 1944 649 2023 quadam
673 1945 793 2004 rariora
812 1944 896 2016 lieri,
921 1944 1069 2021 quaedam
1093 1942 1240 2002 densiora
1259 1959 1267 2000 τ
1289 1939 1375 2018 quod

293 2060 354 2120 nisi
376 2059 575 2132 concedatur,
599 2060 686 2120 nulla
708 2059 774 2138 jam
804 2059 905 2138 possit
929 2059 1035 2119 motio·
1057 2054 1232 2135 intellegi2.
1265 2058 1376 2115 Errant

297 2307 364 2368 ἐστί,
380 2307 421 2356 καὶ
441 2307 462 2354 εἰ
478 2307 509 2369 μὴ
525 2306 654 2371 χωριστόν·
667 2306 729 2367 λέγω
743 2305 770 2354 δὲ
787 2307 828 2354 τὸν
842 2305 914 2368 ὄγκον
935 2311 976 2354 τοῦ
997 2307 1090 2361 ξυλίνου
1103 2305 1187 2354 κύθου.
1203 2305 1278 2354 'ssot'
1294 2307 1314 2354 εἷ
1333 2309 1377 2356 καὶ

295 2396 424 2462 χωρισθείη
438 2399 486 2443 τῶν
502 2395 579 2442 ἀλλων
592 2393 687 2442 πάντων
698 2395 738 2442 καί
754 2395 815 2456 μήτε
830 2395 891 2456 βαρὺ
907 2395 968 2455 μήτε
984 2399 1074 2456 κοῦφον
1096 2396 1142 2454 εἵη,
1162 2395 1255 2452 καθέξει
1275 2395 1301 2443 τὸ
1320 2396 1375 2444 ἴσον

297 2485 364 2534 κενὸν
376 2485 417 2532 καὶ
432 2485 502 2548 ἐντῷ
517 2485 583 2546 αύτῷ
596 2484 664 2533 ἔσται
676 2488 711 2544 τῷ
725 2487 767 2530 τού
782 2487 857 2533 τόπου
872 2485 914 2532 καὶ
927 2489 961 2545 τῷ
971 2488 1014 2532 τού
1029 2488 1100 2532 κενοῦ
1113 2486 1180 2548 μέρει
1191 2483 1239 2547 Ιίσῳ
1255 2487 1330 2546 αύτῷ,
1345 2485 1375 2532 Τί

300 2573 342 2623 οὖν
358 2572 443 2621 διοίσει
455 2573 481 2621 τὸ
495 2577 539 2621 τοῦ
553 2573 628 2620 κύάου
644 2577 717 2634 σῶμα
730 2577 773 2620 τοῦ
785 2573 840 2620 ἷσου
855 2577 927 2620 κενοῦ
942 2573 982 2621 καὶ
999 2572 1092 2631 τόπους
1106 2573 1147 2620 καὶ
1163 2574 1183 2620 εἰ
1202 2572 1245 2620 δύο
1262 2577 1374 2632 τοιαῦτα,

298 2661 338 2711 διὰ
348 2662 372 2710 τί
382 2661 410 2709 ού
423 2661 465 2709 καὶ
475 2663 596 2710 ὁποσαοῦν
610 2663 634 2710 ἐν
649 2666 685 2722 τῷ
698 2661 763 2722 αύτῷ
778 2661 861 2720 iuram
872 2661 896 2708 ’ἐν
910 2660 950 2722 μὲν
965 2662 1076 2718 δήτοῦτο
1090 2661 1180 2710 ἀτοπον
1194 2662 1234 2709 καὶ
1246 2655 1373 2710 ἀδύνατον.

301 2750 460 2800 Sententiam
472 2749 627 2802 omittimus,
639 2749 714 2798 valde
725 2747 870 2809 obscuram,
888 2761 966 2811 quam
984 2747 1130 2810 Simplicius
1147 2749 1277 2812 ceterique
1292 2749 1373 2798 inler-

300 2842 385 2903 pretes
402 2837 506 2888 silentio
520 2841 685 2903 praelereunt,
706 2851 789 2901 neque
808 2837 939 2887 Aristoteli
952 2837 1000 2900 ipsi
1013 2837 1115 2886 videtur
1128 2850 1181 2886 esse
1198 2837 1351 2900 assignanda
1368 2856 1373 2887 :

296 2929 335 2977 ἔτι
348 2930 383 2976 δεῖ
397 2930 468 2988 δῆλον
484 2929 545 2977 εἶναι
559 2929 609 2976 οἱον
621 2929 692 2976 κενὸν
704 2928 728 2976 ἐν
742 2932 793 2982 τοῖς
802 2927 960 2990 κινουμένοις.
972 2931 1022 2976 Νῦν
1033 2926 1164 2988 δὀύδαμού
1175 2927 1240 2981 ἐντὸς
1254 2931 1297 2974 τού
1311 2927 1374 2975 κόσ-

303 3035 358 3078 μου·
376 3018 446 3081 ὁγὰρ
456 3017 502 3079 ἀὴρ
517 3018 569 3065 ἔστι
580 3035 612 3078 τι,
625 3018 652 3066 ού
667 3019 734 3066 δοκεῖ
748 3017 774 3064 δέ
787 3033 822 3077 γε.
836 3017 897 3065 Οὐδὲ
911 3018 939 3064 το
951 3017 1025 3080 ὕδωρ,
1039 3017 1060 3064 εἰ
1071 3017 1134 3076 ᾖσαν
1145 3018 1166 3064 οὶ
1179 3017 1258 3078 ἰχθύες
1271 2996 1372 3076 σιδηροῑ’

299 3111 330 3169 τῇ
346 3108 393 3169 ἀρῇ
405 3107 451 3170 γὰρ
467 3109 482 3167 ἡ
496 3105 573 3169 κρίσις
585 3111 627 3154 τοῦ
641 3109 727 3154 ἁπτού.
745 3105 835 3168 (Phys.
853 3106 896 3163 lv,
910 3111 964 3163 216,
977 3103 1002 3163 b,
1018 3108 1044 3153 17
1058 3105 1126 3167 sqq.)

328 3194 361 3257 (1)
381 3193 460 3256 Phys.
473 3195 513 3252 tv,
531 3198 585 3254 217,
601 3208 624 3253 a,
639 3200 653 3243 5
670 3213 674 3244 :
692 3195 725 3244 ἔτι
742 3196 767 3244 δὲ
779 3200 829 3251 πῶς
843 3197 880 3243 ἐπὶ
893 3200 934 3243 τού
947 3195 1030 3258 βαρέος
1047 3195 1204 3243 ἀποδώσουσι
1218 3195 1246 3243 τὸ
1261 3194 1364 3259 φέρεσθα

301 3283 382 3344 κάτω;
399 3284 439 3332 καὶ
458 3284 528 3344 δῆλον
544 3285 581 3332 ὅτι
597 3285 618 3332 εἰ
632 3284 683 3344 ὅσῳ
698 3286 727 3333 ἀν
743 3285 870 3348 μανότερον
887 3286 928 3332 καὶ
942 3284 1102 3348 κενώτερονῄ
1117 3285 1168 3332 ἀνω
1185 3284 1332 3342 οἰσθήσεται,
1352 3285 1373 3332 εἰ

299 3372 360 3428 ὅλως
373 3373 408 3430 εἳη
423 3373 501 3430 κενὸν,
518 3371 646 3434 τάχιστ’ἀν
659 3371 763 3436 φέροιτο.
778 3372 850 3429 Ἴσως
860 3373 886 3421 δὲ
898 3375 939 3422 καὶ
953 3378 1011 3422 τοῦτ
1017 3372 1143 3422 ’ἀδύνατον
1157 3374 1290 3430 κινηθῆναι·
1305 3371 1374 3434 λόγος

301 3459 341 3508 δ’ὁ
355 3460 435 3520 αύτὸς,
453 3464 538 3526 ὅσπερ
550 3461 585 3509 ὅτι
598 3461 622 3510 ἐν
634 3468 669 3526 τῷ
681 3463 744 3526 κενῷ
759 3462 861 3520 ἀκίνητα
874 3462 963 3520 πάντα,
982 3462 1045 3510 ούτω
1055 3463 1097 3510 καὶ
1110 3463 1137 3510 τὸ
1150 3462 1221 3510 κενὸν
1237 3462 1273 3509 ὅτι
1288 3459 1374 3518 ἀκίνη-

294 3566 345 3599 τον·
361 3551 502 3613 ἀσύμὸλητοι
513 3551 560 3614 γὰρ
574 3549 602 3598 τὰ
614 3551 685 3613 τάχη,

325 3638 356 3700 (2)
374 3639 454 3700 Phys.
467 3641 509 3698 lV,
522 3645 578 3696 217,
590 3655 613 3698 a,
630 3647 657 3688 10
670 3659 674 3690 :
692 3641 743 3690 ἐπεὶ
754 3641 780 3689 δὲ
791 3642 860 3690 κενὸν
876 3643 918 3703 μὲν
933 3642 960 3690 οὔ
972 3658 1049 3704 φαμεν
1061 3641 1130 3703 εἶναι,
1140 3640 1215 3688 τᾶλλα
1226 3638 1373 3702 δ’ἠπόρηται

297 3728 396 3788 ἀληθῶς,
410 3729 472 3787 ὅτιῆ
486 3729 580 3788 κίνησις
592 3729 636 3779 ούκ
650 3729 726 3786 ἔσται,
741 3731 761 3778 εἰ
774 3731 806 3793 μή
817 3730 885 3778 ἔσται
898 3731 1019 3784 πύκνωσις
1032 3731 1074 3778 καὶ
1089 3730 1206 3793 μάνωσις,
1221 3731 1373 3791 ἣκνμανεῖὸ

293 3816 393 3880 οὐρανὸς
403 3819 418 3875 ἢ
429 3817 465 3865 ἀεὶ
474 3819 528 3866 ἴσον
538 3819 600 3884 ὕδωρ
611 3818 635 3875 ἐξ
645 3819 715 3882 ἀέρος
726 3819 793 3867 ἔσται
803 3819 844 3868 καὶ
854 3820 899 3884 ἀὴρ
910 3821 932 3876 ἐξ
942 3821 1026 3874 ύὸοιτος
1037 3818 1117 3882 (δῆλον
1127 3819 1172 3882 γὰρ
1181 3819 1217 3866 ὅτι
1227 3817 1316 3867 πλείων
1327 3818 1373 3880 ἀῆρ

292 3906 317 3962 ἐξ
326 3905 413 3961 ύδατος
423 3904 530 3968 γίνεται)·
543 3907 636 3969 ἀνάγκη
646 3895 733 3968 τοίνυν,
749 3909 769 3956 εἰ
783 3908 815 3970 μή
828 3908 878 3956 ἐστι
892 3907 998 3970 πίλησις,
1010 3910 1024 3966 ἢ
1037 3907 1198 3970 ἐξωθούμενον
1212 3908 1241 3956 τὸ
1254 3907 1372 3970 ἐχόμενον

291 3995 318 4042 τὸ
329 3995 432 4058 ἔσχατον
444 3995 569 4057 κυμαίνειν
580 4001 667 4055 ποιεῖν,
679 3999 693 4056 ἢ
712 3997 792 4044 ἀλλοθί
804 4013 851 4044 που
868 3987 922 4046 ἴσον
936 3997 1091 4060 μεταάἀλλειν
1107 3997 1130 4052 ἐξ
1142 3996 1210 4060 ἀέρος
1221 3997 1297 4061 ὕδωρ,
1312 3995 1345 4043 ἵν’
1360 3997 1374 4044 ὅ

291 4087 339 4138 πᾶς
347 4083 418 4145 ὄγκος
427 4089 469 4132 τοῦ
481 4085 536 4132 ὅλου
546 4085 598 4141 ἶσος
608 4085 636 4148 ᾖ,
650 4086 664 4144 ἢ
676 4086 749 4148 μηδὲν
758 4088 884 4134 κινεῖσθαι.
899 4085 946 4134 Ἀεὶ
957 4086 1002 4150 γὰρ
1016 4085 1190 4148 μεθισταμένου
1200 4089 1271 4133 τοῦτο
1282 4085 1376 4146 συμὸή·

289 4187 368 4234 σεται,
383 4173 411 4221 ἀν
424 4174 456 4236 μὴ
467 4175 547 4238 κύκλῳ
557 4173 714 4238 περιίστηται·
727 4175 772 4223 οὐκ
782 4174 819 4223 ἀεὶ
830 4174 889 4230 δἐῐς
899 4182 927 4224 τὸ
939 4175 1021 4238 κύκλῳ
1033 4177 1048 4237 ἡ
1060 4169 1129 4238 φορά,
1142 4173 1252 4222 ἀλλὰκαὶ
1264 4175 1296 4229 εἰς
1308 4173 1374 4224 εὐθύ.

284 4261 541 4323 Argumentationem
560 4275 616 4312 earn
636 4261 664 4312 in
685 4263 754 4312 hunc
774 4263 826 4313 lere
844 4263 949 4314 modum
975 4261 1213 4328 interpretabimur.
1243 4262 1373 4326 Quoniam
