3160 5054
329 537 359 584 76
717 533 796 588 Qum
812 532 1030 582 ARISTOTELES

329 681 452 737 certum
465 675 610 736 ordinem
628 651 824 736 servantibus
842 693 850 736 ε
865 676 950 755 quod
965 679 1072 736 autem
1088 675 1235 736 ordinem
1253 692 1326 737 eum
1351 678 1420 737 tue·

328 796 391 862 tur,
421 791 624 869 complexum
643 789 713 852 dico
737 791 930 852 continentis
946 791 1101 868 cujusque
1116 791 1267 852 elementi
1284 791 1418 852 caelum-

330 923 390 984 que
406 905 478 966 ideo
494 905 527 965 in
542 923 605 984 quo
619 905 820 967 continentur
832 906 995 981 universa,
1011 906 1045 966 id
1061 923 1135 966 vere
1152 906 1348 985 proprieque
1371 907 1421 966 lo-

330 1038 402 1082 cum
414 1021 654 1100 appellabimus.
667 1023 710 1081 Ex
721 1038 786 1100 quo
797 1021 992 1099 colligimus,
1005 1019 1224 1083 Aristotelium
1235 1020 1342 1083 locum
1354 1039 1421 1080 non

330 1140 401 1196 ante
417 1153 550 1214 corpora
567 1135 732 1210 exsistere,
751 1136 807 1198 sed
823 1153 839 1196 e
854 1137 1058 1215 corporibus,
1074 1135 1123 1197 vel
1137 1135 1242 1214 potius
1255 1154 1291 1196 ex
1305 1135 1420 1198 ordine

330 1268 366 1312 ac
382 1251 590 1330 dispositione
605 1268 789 1330 corporum,
804 1251 904 1312 nasci.

373 1598 450 1658 (lum
465 1596 548 1676 apud
562 1597 757 1658 recentiores
776 1597 922 1675 quaedam
942 1596 1054 1658 eodem
1070 1597 1265 1676 pertinentia
1280 1597 1424 1658 invenia-

331 1730 418 1786 mus,
446 1711 700 1790 Leibnitiusque,
732 1713 870 1792 exempli
892 1713 1009 1791 gratia,
1041 1711 1125 1773 baud
1151 1712 1291 1772 absimili
1326 1712 1422 1772 modo

332 1827 468 1888 voluerit
480 1827 617 1905 spatium
629 1845 667 1888 ex
679 1827 790 1888 ordine
804 1845 840 1888 ac
853 1827 1061 1907 dispositione
1075 1828 1309 1888 elementorum
1321 1827 1420 1919 gigni,

332 1959 438 2020 operae
454 1942 592 2020 pretium
607 1946 655 2003 est
674 1960 817 2021 quaerere
837 1960 892 2004 cur
907 1943 1084 2006 Leibnitius
1099 1942 1140 2002 ad
1160 1943 1302 2021 spatium
1321 1942 1423 2002 inves-

333 2057 497 2136 tigandum
516 2057 654 2130 venerit,
676 2043 864 2120 Aristoteles
883 2061 991 2119 autem
1011 2057 1155 2132 haeserit,
1180 2061 1218 2118 ut
1234 2057 1278 2117 ita
1300 2057 1420 2129 dicam,

235 2210 240 2214 -
334 2171 366 2232 in
379 2173 461 2232 loco.

373 2287 495 2348 Placuit
509 2287 681 2360 Leibnitio,
697 2287 782 2348 baud
797 2288 890 2348 aliter
901 2292 995 2366 atque
1010 2288 1191 2360 Aristoteli,
1209 2288 1333 2348 nullum
1349 2305 1423 2366 spa-

333 2403 416 2462 tium
428 2419 562 2463 vacuum
577 2419 635 2480 per
653 2420 685 2462 se
705 2402 856 2464 exsistere
870 2403 902 2463 in
918 2420 982 2480 quo
1004 2420 1152 2482 corpora,
1167 2403 1254 2464 velut
1270 2403 1374 2481 pisces
1389 2403 1423 2462 in

333 2534 424 2595 aqua,
440 2517 628 2578 habitarent.
641 2518 719 2578 Cum
733 2535 771 2578 ex
781 2518 1011 2596 compositione
1025 2522 1056 2578 et
1066 2517 1301 2596 comparatione
1315 2533 1422 2577 rerum

336 2632 476 2710 spatium
491 2630 618 2704 oriatur,
633 2636 739 2711 partes
749 2637 856 2694 autern
869 2650 1038 2712 corporum
1051 2650 1183 2712 corpora
1201 2633 1274 2707 sint,
1296 2635 1423 2710 oportet

335 2750 390 2807 aut
402 2745 642 2824 progrediamur
656 2746 689 2806 in
704 2747 880 2816 inlinitum,
899 2748 1008 2808 autad
1029 2747 1185 2807 elementa
1200 2747 1423 2826 perveniamus

337 2861 536 2938 incorporea,
558 2879 692 2940 quorum
710 2861 881 2924 multitudo
897 2862 929 2922 in
951 2862 1115 2923 contusam
1131 2861 1322 2922 extensionis
1341 2861 1423 2921 inra-

336 2975 453 3050 ginem,
469 2976 554 3036 velut
563 2980 724 3054 guttarum
735 2977 910 3038 invisarum
921 2977 1121 3056 conglobatio
1133 2977 1167 3036 in
1178 2971 1349 3036 coloratam
1361 2994 1423 3036 nu-

336 3091 425 3161 bem,
444 3089 650 3151 dillundatur.
672 3092 762 3163 Quod
777 3092 875 3170 igitur
896 3093 1072 3153 Leibnitius
1090 3092 1129 3152 de
1144 3091 1265 3152 ratione
1281 3091 1424 3168 corporis

337 3205 377 3265 ad
391 3205 452 3266 alia
466 3223 598 3284 corpora
612 3207 724 3280 sentit,
740 3206 800 3267 hoc
812 3207 898 3268 idem
912 3211 1072 3268 asseverat
1086 3206 1125 3268 de
1135 3207 1257 3267 ratione
1272 3207 1372 3284 partis
1384 3205 1423 3266 ad

336 3324 442 3398 partes
460 3338 466 3380 :
482 3321 753 3398 quemadmodum
768 3323 855 3383 locus
869 3340 907 3382 ex
922 3322 1159 3401 comparatione
1174 3321 1357 3399 corporum,
1379 3321 1425 3380 sic

338 3436 478 3496 extensio
492 3437 778 3527 excomparatione
796 3437 934 3515 partium
948 3437 1099 3498 nascitur.
1116 3440 1161 3498 Ex
1178 3453 1241 3514 quo
1258 3437 1294 3496 iit
1308 3439 1343 3496 ut
1358 3453 1425 3496 cor-

338 3567 452 3628 porum
473 3551 668 3613 elementum
691 3552 959 3630 unumquodque,
977 3552 1147 3630 separatim
1160 3569 1178 3612 a
1192 3551 1304 3612 ceteris
1322 3551 1424 3611 consi-

339 3665 498 3739 deratum,
511 3683 574 3726 non
589 3667 685 3728 modo
702 3667 788 3738 loco,
804 3667 860 3728 sed
873 3671 904 3728 et
916 3667 1099 3728 extensione
1111 3671 1231 3739 careat,
1243 3683 1303 3726 nec
1319 3666 1424 3726 solum

339 3779 378 3841 de
401 3781 470 3842 loco
492 3781 705 3860 philosophis,
729 3783 785 3844 sed
810 3783 849 3843 de
872 3783 1056 3844 extensione
1081 3782 1239 3860 imprimis
1260 3798 1296 3841 ac
1321 3780 1424 3860 spatio

339 3895 497 3974 agendum
511 3913 580 3957 esse
595 3897 750 3959 videatur.

380 4011 574 4072 Sententiam
593 4012 677 4073 baud
698 4013 877 4074 absimilem
903 4014 1088 4074 Aristoteles
1114 4030 1257 4091 quoque,
1283 4016 1318 4072 ut
1344 4010 1424 4070 mihi

340 4127 475 4199 videtur,
490 4127 630 4203 tulisset,
645 4128 671 4188 si
688 4129 801 4190 eodem
815 4129 910 4190 modo
931 4130 1048 4208 egisset
1063 4146 1137 4190 cum
1152 4143 1282 4206 corpore
1302 4130 1334 4186 et
1351 4141 1425 4186 cum

342 4243 482 4321 corporis
503 4244 656 4321 partibus.
675 4245 751 4306 Cum
766 4263 841 4307 vero
858 4263 971 4324 corpus
987 4245 1092 4323 ipsum
1106 4248 1193 4316 actu,
1210 4241 1352 4320 corporis
1370 4257 1424 4301 au-
