3160 5054
592 493 635 540 nu
652 491 739 542 noco
756 492 919 542 sensnum.
1270 499 1299 545 er
1335 462 1338 465 ¹

216 633 375 714 quomodo
391 634 583 694 elementum
600 621 850 712 unumquodque
870 635 932 695 dici
953 636 1053 713 possit
1068 635 1155 697 locus
1174 640 1300 698 natura-

215 751 271 824 lis,
288 767 376 823 cum,
392 749 561 810 Aristotele
577 749 647 828 ipso
662 753 806 824 auctore,
823 753 997 811 moveatur.

254 865 397 925 Primum
412 865 572 939 omnium,
591 882 655 942 qua
669 865 845 925 vicinitatis
860 858 1081 944 conjunctione
1097 871 1300 929 conectantur

214 981 385 1052 elementa,
402 979 586 1040 Aristoteles
602 979 778 1040 identidem
808 981 997 1058 explanavit.
1025 981 1299 1052 Quemadmodum

215 1096 302 1156 enim
321 1112 356 1155 ea
370 1094 510 1155 materiae
525 1095 574 1154 vis
590 1099 652 1168 est,
670 1112 707 1155 en
722 1113 783 1175 qua
802 1095 913 1156 formae
929 1095 1118 1157 'evolvantur
1132 1097 1297 1176 plurimae,

213 1211 303 1270 sicin
317 1211 474 1270 elemento
487 1227 680 1288 unoquoque
694 1215 797 1271 cetera
810 1211 967 1271 elementa
976 1211 1043 1288 jam
1055 1215 1213 1290 potestate
1228 1231 1299 1273 con-

211 1325 353 1386 tinentur
372 1311 396 1385 ⁴ss
420 1325 597 1404 Gignuntur
621 1343 696 1402 ergo
717 1342 754 1386 ex
777 1325 943 1385 elementis
964 1327 1135 1399 elementa,
1162 1345 1200 1388 en
1219 1345 1299 1406 aqua

211 1457 280 1513 aer,
296 1458 333 1500 ex
350 1457 421 1516 aere
433 1426 533 1518 igniS,
548 1440 625 1500 adeo
639 1445 673 1500 ut
691 1457 901 1519 quaecumque
918 1441 1066 1519 contigua
1078 1433 1170 1517 sunt,
1188 1443 1298 1504 eadem

212 1559 344 1634 cognata
362 1555 485 1634 possint
504 1555 583 1630 dici,
598 1573 701 1633 neque
720 1556 884 1616 vicinitate
905 1557 1008 1617 solum
1027 1557 1109 1617 inter
1128 1575 1177 1629 se,
1195 1559 1251 1618 sed
1267 1563 1298 1619 et

210 1671 444 1751 propinquitate
464 1674 639 1732 teneantur.
657 1672 703 1732 Ob
724 1670 804 1732 hanc
823 1671 926 1751 ipsam
947 1689 1076 1732 causam
1095 1673 1179 1750 ignis
1200 1674 1296 1734 habet

210 1786 310 1846 instar
326 1786 422 1860 aeris,
438 1803 492 1846 aer
508 1790 616 1846 autem
634 1803 740 1865 aquae,
759 1787 848 1864 quasi
864 1787 1058 1866 gentiliciam
1074 1788 1232 1865 quandam
1244 1806 1295 1849 re-

204 1902 310 1962 ·ferant
340 1901 496 1961 elementa
528 1900 633 1961 vicina
663 1901 912 1963 similitudinem
946 1900 971 1962 ²2
1005 1902 1081 1962 Mira
1117 1907 1225 1964 autem
1259 1921 1295 1965 ea

210 2016 355 2094 cognatio
380 2019 444 2090 est,
471 2021 608 2093 etqua,
632 2020 667 2076 ut
690 2016 734 2076 ita
752 2016 870 2092 dicam,
896 2017 1124 2096 reciprocetur.
1147 2019 1295 2096 Legimus

209 2131 296 2192 enim
309 2131 342 2190 in
356 2131 438 2192 libro
451 2131 555 2209 primo
569 2132 882 2210 Meteorologlcorum
895 2136 1096 2193 extenuatam
1108 2133 1205 2192 radiis
1218 2134 1294 2194 solis

207 2263 320 2324 aquam
331 2247 364 2306 in
376 2263 448 2306 aera
459 2247 573 2308 mutari
585 2250 616 2307 et
627 2247 659 2306 in
671 2247 807 2308 sublime
828 2247 996 2308 subvolare
1010 2265 1017 2306 :
1030 2251 1114 2318 tum,
1128 2249 1293 2309 deficiente

208 2363 324 2433 calore,
355 2362 423 2422 lieri
451 2379 558 2423 rursus
586 2379 624 2422 on
654 2379 725 2424 aere
753 2379 881 2440 aquam,
911 2379 982 2440 quae
1010 2363 1159 2423 deorsum
1187 2381 1293 2423 rever-

207 2481 291 2538 tatur
314 2475 342 2537 ³.
375 2479 442 2537 Hoc
477 2477 561 2538 idem
595 2478 628 2536 in
662 2482 774 2556 quarto
802 2477 1012 2556 Physicorum
1038 2495 1045 2538 :
1076 2501 1090 2532 «
1121 2479 1212 2555 Aqua
1245 2483 1294 2539 est

208 2616 222 2647 «
237 2596 392 2670 potestate
404 2610 472 2667 aer;
488 2609 542 2653 aer
555 2597 677 2667 autem,
693 2592 754 2653 alio
768 2593 879 2667 modo,
896 2596 1052 2672 potestate
1067 2610 1156 2672 aqua.
1176 2591 1187 2630 ⁴
1209 2616 1224 2648 »

246 2709 319 2780 Quae
339 2726 413 2780 cum
428 2708 472 2768 ita
492 2707 570 2780 sint,
588 2707 786 2785 invicemque
806 2725 839 2768 se
858 2710 960 2768 vertat
975 2709 1008 2766 in
1026 2724 1132 2768 aerem
1151 2725 1241 2786 aqua,
1258 2708 1291 2768 in

205 2840 320 2901 aquam
330 2841 393 2895 aer,
406 2811 475 2883 fieri
486 2822 581 2884 dehet
593 2827 628 2884 ut
640 2824 871 2884 elementorum
886 2823 1077 2883 mutationes
1091 2823 1179 2900 quasi
1196 2823 1229 2882 in
1244 2841 1291 2884 or-

234 3053 267 3116 (l)
284 3053 362 3116 Phys.
376 3053 419 3114 lv,
433 3057 487 3111 213,
503 3067 526 3114 a,
546 3058 556 3101 1
572 3071 577 3102 :
594 3055 661 3102 οὕτω
674 3053 699 3102 δὲ
714 3054 755 3102 καὶ
770 3053 816 3118 ἀὴρ
829 3051 877 3117 ἔχει
895 3054 953 3115 πρὸς
969 3053 1044 3118 ὕδωρ·
1060 3052 1112 3102 οῐον
1125 3054 1169 3112 ὕλη
1186 3055 1242 3116 γὰρ,
1261 3055 1290 3104 τὸ

204 3141 228 3192 δὲ
243 3143 314 3203 εἶδος,
328 3143 356 3191 τὸ
369 3142 412 3204 μὲν
426 3142 490 3206 ὕδωρ
501 3143 545 3201 ὕλη
558 3143 635 3207 ἀέρος,
653 3141 753 3204 ὁδ’ἀήρ
769 3142 819 3191 οἷον
834 3140 946 3206 ἐνέργειά
958 3159 993 3198 τις
1007 3141 1109 3192 ἐκείνου·
1125 3143 1153 3191 τὸ
1169 3142 1214 3206 γὰρ
1225 3143 1289 3208 ὕδωρ

203 3231 301 3294 δυνάμει
313 3231 359 3294 ἀήρ
373 3231 470 3280 ἐστιν...
485 3258 516 3266 -
529 3229 567 3281 ol.
584 3231 722 3280 Meteorol.
739 3232 758 3292 l,
776 3236 799 3292 2,
816 3235 838 3288 3,
856 3235 878 3280 t.

233 3319 266 3382 (2)
284 3323 320 3368 De
331 3320 410 3378 Coelo,
423 3321 466 3381 lv,
482 3324 537 3378 310,
551 3333 574 3377 a,
588 3323 618 3369 33
634 3337 640 3369 :
655 3321 683 3368 τὸ
697 3321 730 3374 εἷς
742 3321 785 3368 τὸν
798 3321 873 3367 αὑτοῦ
885 3322 959 3368 τόπον
969 3320 1080 3383 φέρεσθαι
1091 3321 1149 3382 πρὸς
1161 3319 1189 3367 τὸ
1201 3318 1286 3381 ὅμοιόν

202 3408 252 3458 ἐστι
266 3409 384 3472 φέρεσθαι·
400 3409 431 3456 τὰ
445 3409 491 3472 γὰρ
506 3411 557 3466 ἑξῆς
570 3407 643 3472 ὅμοιά
662 3409 729 3457 ἐστιν
745 3409 865 3466 ἀλλήλους,
884 3409 935 3456 οἷον
953 3408 1016 3471 ὕδωρ
1030 3409 1081 3472 ἀέρι
1099 3409 1141 3456 καὶ
1161 3408 1206 3470 ἀὴρ
1219 3408 1284 3471 πυρί.

201 3525 232 3534 -
244 3492 325 3564 Pipa.
340 3499 382 3556 IV,
397 3503 450 3559 212,
464 3496 488 3556 b,
505 3501 536 3546 29
551 3518 558 3548 2
571 3499 612 3547 καὶ
625 3496 720 3561 φέρεται
735 3499 763 3555 δὴ
780 3499 811 3553 εἰς
823 3499 865 3546 τὸν
878 3499 953 3546 αὑτοῦ
968 3501 1043 3547 τόπον
1055 3498 1160 3546 ἕκαστον
1172 3497 1284 3556 εὐλόγως·

202 3587 215 3636 ὃ
228 3587 273 3649 γὰρ
286 3587 365 3646 ἑφεξῆς
376 3588 417 3636 καὶ
431 3586 565 3650 ἁπτόμενον
578 3588 611 3648 μὴ
625 3585 682 3651 βίᾳ,
698 3587 819 3649 συγγενές.
834 3584 873 3634 cf.
886 3587 926 3633 Dc
941 3585 1025 3643 calo,
1041 3584 1087 3642 lv,
1104 3586 1126 3632 l.

231 3675 264 3737 (3)
279 3676 419 3726 Meteorol.
436 3676 454 3732 Ι,
469 3678 522 3734 alo,
540 3674 564 3733 h,
579 3678 608 3722 24
624 3693 629 3724 :
645 3675 702 3724 τὸ...
719 3675 791 3736 ὑγρὸν
805 3674 853 3722 ὑπὸ
867 3679 915 3722 τῶν
927 3672 1081 3728 &arimanni
1096 3673 1143 3722 ὑπὸ
1157 3679 1199 3731 τῆς
1213 3672 1283 3730 ἄλλης

199 3767 240 3819 τῆς
254 3763 343 3812 ἀνωθεν
358 3767 501 3830 θερμότητος
520 3763 694 3826 ἀτμιδούμενου
709 3765 802 3826 φέρεται
822 3764 881 3811 ἄνω·
896 3767 937 3821 τῆς
954 3763 979 3810 δὲ
995 3763 1139 3826 θερμότητος
1153 3760 1282 3810 ἀπολιπού-

200 3867 244 3908 σης
257 3856 298 3910 τῆς
314 3852 449 3915 ἀναγούοης
464 3854 551 3901 αὐτὸ...
572 3853 715 3900 συνίσταται
729 3852 828 3913 πάλιυή
843 3852 912 3914 ἀτμὶς
928 3852 1051 3914 ψυχομένη
1065 3848 1106 3899 διά
1120 3865 1146 3898 τε
1163 3851 1207 3907 τήν
1222 3849 1282 3898 ἀπό-

198 3938 274 4002 λειψιν
290 3945 334 3989 τοῦ
348 3943 436 4003 θερμοῦ
450 3943 490 3990 καὶ
505 3943 547 3991 τὸν
564 3943 649 4000 τόπον,
665 3942 707 3990 καὶ
720 3941 808 4002 γίνεται
824 3941 887 4003 ὕδωρ
902 3940 925 3996 ἐξ
938 3939 1014 4002 ἀέρος·
1031 3938 1158 4001 γενόμενον
1170 3938 1195 3986 δὲ
1210 3938 1281 4000 φέρε-

198 4042 236 4074 ται
250 4025 323 4077 πάλιν
338 4029 395 4091 πρὸς
409 4030 453 4090 την
467 4035 521 4095 γῆν.

230 4113 262 4178 (l)
277 4115 361 4180 Phys.
380 4118 427 4179 lv,
442 4121 502 4178 213,
517 4132 540 4180 a,
555 4125 568 4167 2
586 4136 591 4168 :
606 4120 635 4168 τὸ
649 4118 694 4181 γὰρ
707 4119 772 4181 ὕδωρ
786 4117 886 4178 δυνάμει
901 4117 948 4181 ἀήρ
964 4117 1043 4174 ἐστιν,
1061 4115 1110 4165 ὁδ’
1126 4115 1171 4177 ἀὴρ
1181 4112 1281 4175 δυνάμει

198 4204 262 4266 ὕδωρ
276 4205 346 4254 ἄλλον
360 4205 458 4271 τρόπον.
