3160 5054
293 541 325 585 60
679 535 757 592 Qun)
773 535 989 586 slusroruulls

293 683 374 740 stare
387 678 785 749 νίᾱοεῑιιι.1)ἰίι]οο1ῐοιοπι,
803 681 838 738 ut
850 678 1079 752 existimamus,
1091 677 1261 756 triplicem,
1274 678 1378 757 primo

294 793 514 875 ostendamus,
531 793 662 866 deinde,
678 793 704 852 si
717 793 893 871 possimus,
908 793 1126 854 discutiamus.

334 912 452 969 Locum
476 909 572 986 igitur
597 913 765 988 postquam
791 909 976 970 Aristoteles
1000 909 1043 968 ita
1071 907 1217 969 definivit
1238 912 1273 969 ut
1295 914 1379 969 esset

294 1023 471 1084 necessario
495 1023 685 1097 immobilis,
710 1024 818 1085 locum
846 1040 1022 1096 summum,
1048 1040 1149 1102 eoque
1177 1024 1305 1084 nomine
1329 1025 1378 1084 vel

294 1140 432 1200 maxime
455 1139 602 1218 dignum,
626 1139 739 1200 caelum
762 1156 831 1199 esse
853 1138 939 1198 dicit.
962 1139 1080 1200 Gaelum
1098 1156 1172 1199 vero
1189 1156 1253 1198 non
1275 1140 1378 1201 solum

294 1272 357 1315 non
373 1272 442 1315 esse
459 1254 638 1330 immobile,
659 1254 730 1327 sed,
745 1254 847 1314 solum
868 1271 904 1314 ex
922 1253 1085 1326 omnibus
1100 1257 1188 1314 motu
1204 1253 1279 1314 cieri
1295 1271 1378 1314 sem-

294 1349 418 1450 piterno
439 1369 624 1431 Aristoteles
637 1369 806 1430 existimat.
827 1369 876 1428 Fit
889 1368 987 1447 igitur
1001 1373 1035 1429 ut
1053 1372 1084 1429 et
1099 1369 1187 1431 loeus
1202 1369 1377 1429 immobilis

295 1485 344 1573 sit,
359 1485 522 1558 etoeelum,
539 1484 623 1562 quod
637 1501 709 1544 vere
724 1484 914 1562 proprieque
929 1483 1048 1544 dicitur
1062 1485 1160 1558 locus
1175 1485 1207 1543 in
1223 1489 1376 1545 aetemum

293 1603 471 1660 moveatur.
494 1599 720 1660 Dilileultatem
743 1598 837 1670 hono,
865 1599 931 1676 jam
950 1616 968 1658 a
989 1597 1205 1677 Theophrasto
1233 1597 1240 1632 ⁴
1268 1599 1377 1678 depre-

294 1714 440 1786 hensam,
457 1715 563 1792 augeri
583 1715 797 1792 potiusquam
812 1714 915 1774 minui
931 1713 1104 1775 dixerimus
1123 1714 1229 1774 verbis
1246 1715 1286 1773 iis
1306 1732 1376 1792 quae

294 1830 327 1888 in
340 1835 451 1907 quarto
466 1830 536 1908 ipso
551 1829 757 1908 Physioorum
772 1829 854 1890 libro
871 1829 1053 1890 Aristoteles
1068 1828 1242 1908 interponit
1257 1848 1264 1890 :
1283 1835 1301 1884 ιι
1314 1830 1376 1890 oae-

295 1967 309 1998 ι
326 1945 393 2006 lum
414 1945 462 2005 vel
484 1946 619 2005 maxime
642 1962 710 2004 esse
736 1945 768 2002 in
790 1944 862 2005 looo
886 1945 926 2005 ob
950 1943 1010 2004 hoo
1037 1945 1269 2019 existimamus,
1292 1945 1376 2022 quod

295 2082 309 2114 ιι
327 2077 454 2138 semper
467 2064 610 2120 movetur
624 2058 651 2134 ²;
668 2083 682 2115 »
697 2094 736 2102 -
751 2061 841 2138 quasi
853 2077 917 2120 non
931 2060 972 2120 sit
991 2061 1084 2138 paulo
1106 2061 1186 2120 inira
1218 2059 1373 2132 dicturus,

292 2175 405 2235 eaelum
417 2176 485 2235 looo
500 2192 616 2236 carere.

293 2386 387 2435 simum
402 2386 498 2436 Wolter
512 2387 641 2438 existimat
657 2405 662 2435 :
678 2387 752 2437 πάλιν
768 2391 780 2436 ὁ
794 2387 866 2444 τόπος
886 2393 934 2436 τῶν
954 2393 1065 2452 συνεχῶν
1085 2387 1147 2438 ἐστί.
1164 2390 1245 2438 Τόπον
1259 2387 1305 2451 γάρ
1321 2405 1376 2436 τινα

284 2477 319 2526 ’τὰ
333 2481 377 2525 τοῦ
391 2476 502 2538 σώματος
518 2476 591 2541 μόρια
604 2477 702 2539 κατέχει
715 2478 731 2525 ἃ
742 2477 802 2542 πρός
813 2493 870 2526 τινα
884 2477 965 2526 κοινόν
977 2479 1033 2543 όρον
1045 2477 1171 2526 συνάπτει.
1184 2477 1280 2528 Οὐκοῦν
1291 2478 1333 2526 καὶ
1345 2478 1376 2525 τὰ
1465 2507 1469 2514 -

291 2571 334 2613 τοῦ
350 2565 427 2613 τόπου
443 2563 527 2628 μόρια,
540 2567 556 2614 ἃ
567 2567 666 2631 κατέχει
682 2567 787 2616 ἕκαστον
802 2571 851 2615 τῶν
866 2570 909 2615 τοῦ
926 2566 1037 2628 σώματος
1052 2565 1156 2628 μορίων,
1172 2566 1233 2631 πρὸς
1247 2566 1288 2616 τὸν
1302 2567 1375 2614 αὐτόν

291 2657 346 2718 ὅρον
362 2654 493 2716 συνάπτει,
508 2656 565 2714 πρὸς
579 2655 605 2703 ὃν
619 2656 661 2704 καὶ
673 2655 703 2703 τὰ
718 2660 761 2704 τοῦ
777 2656 892 2718 σώματος
907 2656 988 2721 μόρια.
1004 2653 1082 2704 Ὥστε
1097 2655 1198 2717 συνεχὴς
1213 2655 1243 2703 ἂν
1257 2656 1293 2714 εἴη
1307 2656 1348 2703 καὶ
1363 2659 1375 2704 ό

292 2743 372 2798 τόπος·
394 2744 451 2804 πρὸς
470 2744 515 2806 γὰρ
530 2744 572 2791 ἕνα
590 2745 671 2792 κοινὸν
693 2745 748 2805 όρον
769 2745 842 2793 αὑτοῦ
861 2745 892 2792 τὰ
907 2742 982 2809 μόρια
996 2743 1121 2794 συνάπτει.
1139 2743 1243 2806 (Cateq.
1259 2747 1292 2801 6.)
1312 2742 1375 2791 ludo

291 2830 374 2879 voluit
385 2831 433 2879 lroo
445 2843 535 2893 eogere
546 2830 652 2889 Wolter‚
667 2848 678 2877 ι
690 2831 799 2894 spatium
811 2831 875 2881 adeo
885 2833 968 2882 inesse
980 2831 1100 2881 omnibus
1110 2831 1193 2889 rebus,
1206 2835 1236 2880 ut
1246 2845 1277 2880 ne
1288 2834 1375 2894 partes

292 2918 396 2980 quidem
415 2919 596 2968 continuorum
614 2933 750 2983 corporum
768 2935 799 2970 eo
817 2924 920 2970 careant
939 2936 961 2970 ν.
981 2919 1065 2970 verba
1084 2924 1171 2969 autem
1192 2919 1337 2970 Aristotelis
1353 2920 1376 2968 si

292 3010 389 3056 attente
401 3007 590 3070 recognoveris,
606 3008 736 3072 intelleges
748 3023 800 3058 non
815 3008 847 3059 de
864 3009 989 3059 uentribus
1003 3008 1122 3072 eorporis
1132 3007 1250 3072 partibus
1265 3008 1307 3057 hio
1321 3008 1374 3070 agi,

291 3098 336 3147 sed
349 3098 380 3147 de
392 3098 444 3148 illis
457 3101 636 3150 tantummodo
650 3113 709 3164 quae
722 3100 806 3150 locum
820 3101 960 3151 othneant.
975 3103 1004 3150 ln
1018 3101 1086 3150 hunc
1098 3101 1175 3164 igitur
1190 3100 1293 3152 modum
1307 3099 1375 3150 Aris

291 3187 383 3238 toteles
393 3187 495 3237 disserit
511 3206 516 3238 :
534 3189 621 3238 «Cum
635 3188 707 3238 loeus
720 3189 747 3238 id
762 3190 795 3238 sit
807 3191 877 3253 quod
888 3204 942 3240 rem
956 3203 1101 3253 corpoream
1114 3189 1184 3238 intro
1197 3203 1224 3239 se
1233 3189 1374 3246 contineat,

291 3290 341 3324 non
356 3279 463 3338 possunt
476 3277 607 3326 continuae
623 3291 677 3328 esse
695 3279 810 3342 eorporis
830 3282 914 3342 partes
930 3278 993 3342 quin
1009 3282 1035 3328 et
1050 3278 1123 3328 locus
1141 3277 1281 3327 continuus
1301 3277 1342 3326 sit.
1362 3298 1374 3321 ν

291 3364 390 3421 Quibus
410 3378 469 3413 vero
488 3365 602 3428 corporis
618 3365 733 3430 partibus
751 3366 823 3416 loeus
840 3367 1010 3430 assignandus
1031 3367 1078 3426 sit,
1095 3365 1191 3430 quibus
1207 3365 1372 3424 mouendus,

290 3453 317 3502 in
332 3455 482 3515 Cateqort't's
498 3468 549 3503 non
562 3457 635 3504 curat
648 3475 653 3504 :
667 3469 726 3504 cum
738 3457 770 3504 τὰ
784 3461 827 3504 τοῦ
841 3456 918 3505 τόπου
930 3456 1004 3522 μόρια
1016 3457 1031 3504 ἃ
1042 3458 1139 3521 κατέχει
1151 3457 1254 3504 ἕκαστον
1267 3458 1317 3504 τῶν
1330 3460 1373 3504 τοῦ

291 3543 405 3604 σώματος
415 3541 506 3608 μορίων
518 3541 552 3591 ibi
566 3541 640 3603 dicih
654 3543 785 3606 intellegas
797 3548 897 3608 oportet
911 3545 1015 3593 ἕκαστον
1029 3551 1077 3593 τῶν
1094 3549 1137 3594 τοῦ
1152 3545 1266 3606 stirpare<
1281 3544 1374 3608 μορίων

291 3632 306 3679 ἅ
321 3631 386 3680 ἐστιν
402 3633 426 3680 ἐν
438 3630 514 3694 τόπῳ.
533 3631 677 3681 constituet
693 3636 779 3682 autem
793 3633 820 3682 in
833 3633 955 3696 Physica
969 3633 1175 3683 Auscultottone
1190 3646 1241 3682 non
1254 3631 1374 3681 omnihus

289 3719 404 3783 corporis
420 3720 535 3784 partibus
549 3719 634 3770 locum
649 3724 708 3771 actu
723 3735 779 3772 esse
790 3721 997 3780 attribuendum,
1013 3721 1057 3771 sed
1074 3721 1104 3772 iis
1120 3721 1298 3771 tantummodo
1314 3733 1373 3785 quta

291 3807 448 3872 superficiem
462 3809 574 3872 corporis
588 3809 713 3860 incolunt.
729 3809 768 3859 ud
776 3809 933 3874 superficiem
945 3809 1023 3872 igitur
1037 3809 1163 3874 corporis,
1177 3824 1228 3860 non
1239 3809 1271 3860 ad
1281 3823 1374 3873 corpus

291 3898 374 3945 totum
386 3897 517 3960 pertinent
531 3897 574 3946 illa
592 3911 651 3962 qum
665 3898 692 3947 in
707 3900 854 3961 categoriis
872 3898 999 3962 leguntur.
1192 3887 1194 3892 ’

320 3984 353 4048 (1)
366 3986 492 4049 Theophr.
509 4000 553 4050 op,
567 3986 689 4050 Simplic.‚
703 3987 742 4037 ed.
756 3986 839 4046 Diels,
854 4002 878 4051 p.
891 3992 946 4046 ool,
960 3987 977 4036 l.
992 3993 1015 4046 5,
1030 4001 1086 4052 sqq.
1103 4007 1108 4037 :
1124 3989 1204 4038 ἰστέον
1215 3989 1240 4037 δὲ
1255 3988 1293 4037 ὅτι
1306 3989 1346 4036 καὶ
1360 3991 1373 4038 ὁ

290 4074 444 4140 Θεόφραστος
458 4075 482 4124 ἐν
498 4081 549 4133 τοῖς
563 4079 681 4134 Φυσικοῖς
692 4077 806 4138 ἀπορεῖ...
823 4077 859 4126 ότι
873 4073 1015 4140 κινούμενος
1030 4077 1098 4128 ἔσται
1114 4080 1127 4127 ὁ
1139 4079 1219 4133 τόπος.

320 4162 353 4226 (¹2)
367 4163 451 4227 Phys.
471 4166 518 4225 lv,
532 4169 590 4223 211,
609 4179 635 4224 a,
657 4169 683 4214 13
701 4184 706 4214 :
721 4166 762 4215 διὰ
777 4166 823 4231 γὰρ
838 4172 909 4216 τοῦτο
928 4167 1024 4216 καὶτὸν
1040 4167 1137 4229 οὐρανόν
1156 4165 1256 4228 μάλιστ’
1271 4165 1373 4230 οἰόμεθα

289 4252 313 4300 ἐν
330 4255 412 4316 τόπῳ,
428 4253 464 4301 ότι
479 4254 517 4304 ἀεὶ
532 4255 555 4302 ἐν
572 4254 673 4312 κινήσει.
