3160 5054
275 524 305 572 74
660 520 738 576 QUID
755 520 971 570 ARISTOTELES

276 663 407 724 materia
431 663 593 740 formaque
624 665 792 734 concretae,
820 663 954 723 alterum
979 679 1055 722 vero
1081 661 1359 735 mathematicum,

278 797 380 856 neque
398 781 505 839 tamen
523 777 660 839 solidum
679 778 802 843 minus.
822 778 931 838 formae
946 795 964 838 a
978 777 1113 839 materia
1127 780 1290 856 seperatae.
1317 779 1361 836 Ex

278 912 340 973 quo
372 893 576 972 intellegitur,
605 893 740 972 spatium
769 897 913 954 nostrum
939 909 1075 955 vacuum
1102 909 1171 952 esse
1191 896 1285 970 atque
1316 893 1361 952 in-

278 1000 492 1070 terminatum.
1332 989 1339 1004 ⁸

319 1127 392 1184 Haeo
414 1127 520 1184 autem
542 1124 727 1184 Aristoteles
749 1140 851 1202 neque
874 1123 967 1184 nobis
980 1122 1153 1184 concedere
1173 1122 1286 1200 possit,
1303 1138 1360 1182 ne-

276 1257 337 1318 que
351 1240 461 1309 etiam,
479 1239 506 1299 si
518 1240 634 1318 possit,
651 1239 736 1300 velit.

318 1355 461 1433 Spatium
480 1355 566 1415 enim
584 1372 733 1427 vacuum,
751 1355 778 1414 si
793 1358 891 1426 esset,
910 1354 990 1414 nihil
1008 1356 1136 1432 ageret:
1155 1352 1239 1432 quod
1254 1356 1361 1413 autem

280 1470 360 1530 nihil
382 1471 460 1548 agit,
481 1469 513 1531 id
532 1469 717 1530 Aristoteles
736 1470 865 1530 omnino
886 1487 950 1529 non
973 1487 1041 1529 esse
1063 1468 1232 1529 existimat.
1254 1468 1360 1528 Exsis-

275 1585 364 1647 te'ndi
380 1585 477 1663 igitur
492 1603 565 1645 cum
581 1585 704 1646 nullum
720 1585 807 1646 aliud
829 1602 927 1663 genus
948 1584 1106 1662 concipiat
1126 1583 1189 1643 nisi
1205 1583 1288 1662 quod
1307 1586 1362 1644 aut

277 1705 350 1760 actu
370 1700 567 1761 contineatur
587 1703 641 1761 aut
661 1700 774 1778 agendi
793 1701 963 1778 potestate,
983 1703 1086 1759 careat
1100 1702 1206 1760 autem
1228 1702 1362 1776 utraque

276 1833 309 1874 re
331 1815 468 1894 spatium
489 1832 637 1886 vacuum,
665 1815 814 1876 exsistere
838 1816 976 1894 spatium
1002 1831 1135 1875 uacuum
1156 1815 1243 1874 nullo
1265 1813 1361 1874 modo

282 1948 374 2008 posse
398 1931 575 1991 arbitratur.
608 1930 760 2000 Quocirca
779 1929 980 2008 'Leucippum
1008 1929 1286 2007 Democritumque
1312 1946 1361 1988 re-

276 2045 460 2124 prehendit,
484 2046 538 2123 qui
559 2045 697 2124 spatium
721 2046 813 2106 inane
833 2045 963 2116 atomis,
980 2045 1074 2106 ‘velut
1096 2045 1247 2105 motionis
1270 2043 1360 2104 thea-

277 2165 380 2231 trum,
398 2161 625 2239 assignaverint
641 2179 648 2220 :
667 2161 755 2239 quasi
769 2160 855 2221 istud
871 2160 1045 2221 ullomodo
1062 2177 1131 2220 esse
1144 2163 1255 2238 queat,
1274 2159 1360 2237 quod

281 2279 330 2335 est
350 2275 430 2335 nihil
456 2274 478 2335 ⁴.
502 2277 579 2336 Gum
597 2280 702 2336 autem
723 2277 757 2336 in
773 2293 917 2336 sermone
936 2275 1118 2336 Aristotelio
1135 2275 1222 2336 idem
1247 2277 1360 2334 sonent

276 2391 346 2452 duae
370 2391 418 2451 hae
445 2409 553 2462 vocae,
578 2408 646 2452 esse
664 2409 701 2452 ac
720 2391 898 2465 terminari,
922 2393 957 2450 fit
978 2390 1157 2451 necessario
1179 2394 1216 2452 ut
1238 2391 1358 2463 omnia,

276 2523 484 2584 quaecumque
504 2524 613 2567 revera
636 2511 723 2581 sunt,
747 2524 811 2567 non
831 2507 934 2567 solum
951 2506 1101 2584 qualitate
1126 2509 1225 2578 certa,
1248 2505 1305 2566 sed
1329 2508 1361 2564 et

274 2621 363 2681 linita
383 2621 600 2699 magnitudine
620 2622 929 2682 circumscribantur.
950 2622 1109 2682 Habemus
1131 2621 1227 2699 igitur
1245 2620 1361 2699 princi-

273 2737 362 2815 pium
377 2736 640 2815 metaphysicum‚
658 2755 695 2796 ex
709 2755 771 2816 quo
786 2753 970 2816 progressus
984 2735 1169 2796 Aristoteles
1183 2736 1222 2796 ad
1241 2736 1360 2796 infitia-

272 2852 392 2911 tionem
406 2852 506 2911 nostri
520 2852 604 2929 quod
618 2852 752 2912 dicimus
775 2852 869 2930 spatii
885 2851 1065 2930 pervenerit
1084 2869 1091 2912 :
1108 2851 1168 2912 hoc
1182 2851 1359 2930 principio,

274 2967 360 3026 velut
386 2966 499 3045 spiritu
523 2967 688 3041 interiore,
710 2970 777 3028 tota
800 2967 838 3027 de
867 2968 938 3028 loco
963 2967 1136 3046 disputatio
1163 2967 1360 3048 continetur.

276 3081 464 3160 Supervenit
478 3085 583 3142 autem
601 3085 632 3142 et
647 3083 851 3161 physicarum
864 3083 1023 3144 rationum
1043 3083 1157 3156 seriae,
1181 3083 1296 3160 quibus
1312 3083 1364 3146 ef·-¹

274 3196 378 3257 ficitur
392 3200 427 3257 ut
445 3197 643 3270 AristoteleS‚
661 3198 785 3258 etiamsi
803 3201 907 3258 cetera
924 3215 980 3258 sua
998 3198 1166 3278 disciplina
1188 3214 1252 3258 non
1276 3201 1361 3258 esset

304 3355 338 3418 (1)
358 3356 480 3418 Melctplt.
502 3357 522 3415 Ι,
545 3360 604 3416 985,
618 3355 647 3416 h,
664 3361 678 3406 4
695 3378 701 3406 2
716 3357 856 3414 Λεύκιππος
877 3359 903 3406 δὲ
921 3360 963 3406 καὶ
978 3359 991 3406 ὁ
1005 3359 1101 3420 ἑταῖρος
1115 3359 1190 3406 αὐτοῦ
1208 3358 1359 3424 Δημόκριτος
1374 3371 1379 3440 ρ

281 3449 391 3506 στοιχεῖα
408 3445 450 3502 μὲν
466 3447 494 3493 τὸ
506 3447 592 3508 πλῆρες
608 3447 691 3494 καὶτὸ
707 3447 777 3494 κενὸν
797 3447 858 3495 εἷναί
873 3463 945 3509 ροισι,
960 3448 1066 3509 λέγοντες
1079 3447 1131 3496 οἷον
1144 3449 1172 3496 τὸ
1190 3447 1231 3510 μὲν
1244 3447 1270 3496 ὃν
1288 3449 1316 3496 τὸ
1333 3449 1360 3497 δὲ
1381 3481 1396 3566 χ

280 3535 313 3597 μὴ
325 3534 360 3595 ὂν,
375 3535 467 3583 τούτων
482 3535 507 3582 δὲ
522 3535 549 3582 τὸ
563 3536 605 3597 μὲν
619 3537 705 3600 πλῆρες
717 3536 758 3584 καὶ
771 3535 867 3598 στερεὸν
881 3537 908 3584 τὸ
924 3537 958 3594 ὃν,
972 3537 999 3585 τὸ
1014 3537 1039 3585 δὲ
1052 3539 1121 3586 κενόν
1136 3538 1220 3599 γεκαὶ
1240 3538 1315 3600 μανὸν
1330 3537 1359 3586 τὸ
1393 3569 1402 3610 3

274 3625 307 3686 μὴ
323 3623 358 3671 ὄν·
379 3624 416 3672 διὸ
430 3625 472 3672 καὶ
487 3624 556 3672 οὐθὲν
570 3625 660 3687 μᾶλλον
673 3625 699 3672 τὸ
711 3625 737 3674 ὃν
752 3629 794 3672 τοῦ
812 3626 844 3687 μὴ
861 3626 930 3682 ὄντος
942 3624 1004 3675 εἷναί
1021 3643 1106 3685 φασιν,
1121 3627 1158 3674 ὅτι
1173 3625 1230 3674 οὐδὲ
1243 3627 1270 3674 τὸ
1286 3627 1357 3674 κενὸν
1397 3618 1404 3656 ⁸

275 3718 319 3761 τοῦ
332 3713 453 3774 σώματος.
469 3712 587 3782 dleluph.
603 3715 652 3772 ΙΙΙ,
667 3717 739 3773 1009,
755 3727 782 3776 a,
799 3719 828 3762 25
845 3734 850 3762 :
870 3717 899 3764 Εἰ
918 3714 959 3764 οὖν
975 3718 1006 3778 μὴ
1022 3715 1140 3778 ἐνδέχεται
1154 3715 1266 3787 γενέσθαι
1281 3715 1309 3764 τὸ
1325 3717 1357 3776 μὴ
1405 3741 1410 3760 0

277 3803 317 3864 ὄν,
334 3807 487 3866 προϋπῆρχεν
503 3801 589 3864 ὁμοίως
603 3804 631 3851 τὸ
645 3807 747 3867 πρᾶγμα
762 3804 833 3866 ἄμρω
849 3803 888 3862 ὄν,
905 3803 988 3868 ὥσπερ
1001 3805 1043 3852 καὶ
1068 3802 1222 3866 Ἀναξαγόρας
1241 3804 1357 3867 μεμῖχθαι

272 3896 323 3939 πᾶν
340 3891 364 3938 ἐν
380 3891 450 3945 παντί
470 3908 527 3954 φησι
548 3893 589 3940 καὶ
610 3894 768 3956 Δημόκριτος·
791 3893 832 3941 καὶ
853 3893 898 3958 γὰρ
920 3892 989 3948 οὗτος
1012 3893 1039 3940 τὸ
1063 3894 1134 3942 κενὸν
1157 3894 1198 3942 καὶ
1220 3893 1247 3942 τὸ
1267 3893 1357 3956 πλῆρες
1418 3917 1425 3952 t

274 3977 364 4044 ὁμοίως
380 3979 439 4028 καθ’
454 3982 533 4028 ὁτιοῦν
545 3981 660 4042 ὑπάρχειν
676 3981 754 4043 μέρος,
770 3981 849 4030 καίτοι
859 3982 887 4030 τὸ
900 3983 942 4044 μὲν
959 3983 985 4030 ὃν
998 3981 1089 4030 τούτων
1103 3982 1177 4041 εἶναι,
1193 3982 1221 4034 τὸ
1234 3981 1304 4044 δὲμὴ
1319 3981 1354 4030 ὄν.

277 4095 308 4104 -
321 4067 357 4117 uf.
374 4072 413 4117 De
428 4072 522 4126 Gener.
541 4072 565 4118 et
582 4071 659 4118 Corr.
672 4071 695 4127 1,
712 4073 771 4132 317,
785 4069 813 4132 b,
829 4075 842 4119 8
858 4090 864 4120 :
884 4066 943 4119 ὧδὲ
960 4072 992 4133 μὴ
1008 4071 1109 4134 ὑπάρχει
1124 4069 1197 4120 οὐσία
1211 4071 1271 4133 μηδὲ
1285 4069 1354 4128 τόδε,

271 4158 386 4218 δῆλονὼς
403 4159 458 4207 οὐδὲ
472 4166 520 4208 τῶν
534 4160 611 4208 ἄλλων
626 4159 726 4221 οὐδεμία
741 4161 903 4222 κατηγοριῶν,
920 4160 970 4210 οἷον
985 4160 1041 4209 οὔτε
1053 4161 1124 4210 ποιὸν
1136 4160 1192 4209 οὕτε
1209 4160 1286 4209 ποσὸν
1302 4160 1356 4208 οὔτε

271 4247 298 4296 τὸ
314 4252 370 4296 ποῦ·
384 4250 494 4311 χωριστὰ
505 4247 550 4311 γὰρ
565 4251 593 4299 ἂν
608 4249 644 4306 εἴη
659 4249 689 4298 τὰ
705 4248 769 4308 πάθη
784 4250 834 4298 τῶν
849 4251 949 4300 οὐσιῶν,
