3160 5054
575 546 618 596 DF}
635 545 722 596 Loco
740 545 904 596 SENSER1T‚
1248 549 1276 594 31

199 675 373 751 motionem
387 705 499 768 praese
513 688 643 749 missam
655 677 820 768 accipiata
834 692 922 768 tergo
930 687 1132 763 destitutam,
1148 705 1183 748 ac
1194 688 1280 750 velut

198 805 392 885 impulsione
412 821 492 865 nova
516 803 584 864 sine
606 805 669 865 line
689 805 810 866 eieatur
831 801 855 865 ⁴.
881 804 1041 866 Utrnmvis
1066 803 1143 879 licet
1167 803 1278 882 eligas,

199 921 312 982 eodem
322 920 492 981 revolveris
505 937 513 991 ς
524 938 588 982 non
598 938 691 1000 posse
701 919 734 981 in
745 938 843 982 vacuo
854 919 1081 1000 impulsionem
1092 919 1279 980 continuari.

239 1036 400 1097 Accedunt
424 1035 463 1096 ad
489 1036 628 1097 nationes
652 1037 800 1115 physicas
829 1039 1013 1116 argumenta
1042 1035 1279 1107 mathematica,

200 1153 314 1231 quihus
333 1151 467 1213 eflicitur
485 1156 519 1213 ut
535 1152 680 1213 celeritas
701 1151 850 1214 motionis
869 1152 902 1213 in
921 1169 1019 1214 vacuo
1039 1155 1123 1214 esset
1141 1151 1279 1222 infinita,

200 1286 258 1329 nec
273 1287 347 1330 culn
360 1268 423 1329 alia
439 1268 504 1329 ulla
517 1273 626 1347 posset
641 1268 827 1348 comparari.

240 1386 368 1445 Feratur
383 1384 467 1445 enim
485 1384 609 1464 pondus
622 1384 811 1463 quoddamd
825 1401 882 1464 per
896 1385 919 1444 B
935 1383 1079 1446 medium
1091 1383 1125 1444 in
1139 1386 1281 1463 tempore

201 1503 233 1574 Γ,
252 1516 310 1580 per
324 1503 348 1560 Δ
364 1503 487 1573 autem,
507 1499 590 1579 quod
608 1499 756 1561 subtilius
773 1517 843 1562 esse
867 1499 1065 1570 finxerimus,
1084 1499 1281 1578 longitudine

199 1633 273 1676 vero
283 1615 418 1694 aequale,
433 1615 619 1694 intempore
632 1617 665 1675 E.
679 1615 745 1687 One
756 1615 903 1677 subtilius
916 1619 964 1676 est
976 1632 1090 1694 corpus
1100 1613 1280 1692 trajectum,

203 1749 240 1792 eo
256 1731 394 1792 velocior
408 1731 551 1810 eorporis
570 1731 762 1793 transeuntis
782 1732 937 1793 celeritas.
958 1730 1100 1793 Eandem
1117 1729 1213 1810 igitur
1231 1747 1282 1791 ra-

200 1847 322 1908 tionem
340 1847 469 1908 habebit
490 1851 615 1928 tempus
635 1849 659 1908 Ε
680 1847 720 1908 ad
739 1851 866 1927 tempus
886 1850 908 1909 Γ
928 1865 1024 1927 quam
1044 1845 1182 1908 densitas
1203 1850 1226 1906 A
1244 1844 1283 1906 ad

202 1963 392 2025 densitatem
410 1966 443 2024 B.
461 1966 500 2025 At
514 1981 605 2038 vero,
621 1963 647 2025 si
663 1966 686 2024 B
701 1963 742 2024 sit
757 1981 821 2036 aer,
837 1969 859 2023 A
876 1967 981 2025 autem
999 1963 1109 2050 inane,
1124 1962 1242 2024 nnllam
1262 1965 1284 2021 A

202 2079 241 2140 ad
262 2081 300 2154 B,
323 2081 443 2142 nullam
464 2080 537 2141 ideo
558 2083 581 2141 E
602 2080 641 2142 ad
662 2081 696 2154 Γ,
718 2081 874 2142 rationem
894 2078 1026 2142 habet2.
1052 2115 1092 2124 -
1110 2079 1284 2140 lnvolutarn

233 2310 266 2376 (1)
281 2310 365 2375 Phys.
380 2312 424 2372 lV,
437 2317 496 2372 215,
512 2325 539 2371 a,
556 2315 583 2361 14
597 2330 602 2362 ι
619 2313 654 2362 ίτι
670 2316 713 2362 νῦν
728 2313 772 2375 μὲν
787 2317 891 2362 κινεῖται
905 2310 940 2362 τὰ
955 2311 1105 2377 ῥιπτούμενα
1119 2315 1163 2361 τοῦ
1176 2312 1285 2366 ὤσαντος

203 2401 248 2466 οὐχ
262 2400 411 2464 ἁπτομένου,
426 2403 441 2462 ἢ
457 2401 490 2451 δι’
505 2400 718 2466 ἀντιπερίστασιν,
736 2404 820 2469 ὥσπερ
841 2401 902 2452 ἔνιοί
920 2417 1005 2465 φασιν,
1022 2403 1037 2460 ἢ
1053 2401 1094 2450 διὰ
1109 2400 1139 2450 τὸ
1153 2401 1223 2450 ὠθεῖν
1242 2401 1285 2449 τὸν

203 2491 310 2541 ὡσθέντα
324 2491 385 2556 ἀέρα
397 2490 479 2540 θάττω
490 2491 584 2552 κίνησιν
597 2497 640 2552 τῆς
654 2496 697 2542 τοῦ
711 2493 833 2549 ὠσθέντος
844 2497 933 2559 ρορᾶς,
946 2493 975 2551 ἢν
987 2491 1083 2556 φέρεται
1095 2490 1128 2548 εἰς
1138 2491 1180 2540 τὸν
1194 2491 1285 2540 οἰκεῖον

202 2582 288 2629 τόπον.
307 2605 339 2614 -
354 2578 393 2630 cf.
408 2583 448 2629 De
466 2578 549 2636 calo,
567 2579 616 2637 ΙΙΙ,
636 2582 692 2636 311,
709 2576 738 2639 h,
756 2583 786 2628 22
803 2579 878 2642 :mas
893 2577 1022 2643 ἀμφότεροι
1041 2578 1066 2628 δὲ
1086 2578 1168 2643 ὥσπερ
1185 2576 1286 2644 ὀργάνῳ

202 2672 288 2732 χρῆται
298 2669 334 2732 τῷ
347 2668 408 2734 ἀέρι.
425 2668 521 2731 Πέρνκε
532 2667 579 2732 γὰρ
594 2667 665 2726 οὗτος
678 2669 720 2716 καὶ
731 2671 821 2732 κοῦρος
833 2669 896 2718 εἶναι
908 2669 951 2717 καί
964 2666 1048 2734 βαρύς.
1061 2667 1111 2726 Τὴν
1123 2665 1166 2730 μὲν
1180 2664 1223 2715 οὖν
1234 2666 1286 2715 ἄνω

202 2761 300 2819 ποιήσει
313 2760 387 2825 φορὰν
398 2760 414 2824 ἦ
426 2766 525 2825 κοῦρος,
540 2761 599 2812 ὅταν
614 2762 681 2824 ὠσθῇ
694 2762 737 2811 καί
749 2761 811 2826 λάθῃ
822 2761 864 2820 τὴν
879 2761 956 2826 ἀρχὴν
971 2759 1020 2810 ἀπὸ
1036 2764 1079 2818 τῆς
1094 2757 1229 2822 δυνάμεως,
1243 2757 1287 2816 τήν

201 2850 229 2899 δὲ
243 2847 310 2899 κάτω
324 2848 393 2901 πάλιν
407 2850 423 2913 ᾗ
437 2846 520 2917 βαρύς·
535 2850 618 2915 ὥσπερ
631 2851 678 2918 γὰρ
694 2851 841 2914 ἐναράψασα
859 2850 1028 2914 παραδίδωσιν
1044 2848 1162 2914 ἑκατέρῳ.
1178 2847 1222 2897 Διὸ
1245 2847 1286 2898 καί

202 2939 231 2987 οὐ
246 2941 486 3004 παρακολουθοῦντος
498 2943 543 2990 τοῦ
555 2940 701 2999 κινήσαντος
715 2938 812 3004 φέρεται
826 2940 855 2989 τὸ
868 2937 913 3005 βίᾳ
924 2939 1025 2998 κινηθέν.

234 3026 266 3090 (2)
281 3028 362 3091 Ρίιρσ.
378 3030 425 3086 lv,
441 3034 500 3090 215,
514 3043 542 3089 ιι,
556 3034 587 3078 25
601 3047 606 3079 :
623 3030 718 3095 δρῶμεν
734 3029 780 3094 γὰρ
792 3030 820 3078 τὸ
835 3028 894 3078 αὐτὸ
910 3028 984 3094 βάρος
999 3027 1127 3090 saladinus
1140 3027 1229 3076 θᾶττον
1244 3041 1285 3090 φε-

203 3113 303 3180 ρόμενον
315 3117 356 3166 διὰ
367 3119 411 3166 δίο
427 3117 520 3176 αἰτίας,
535 3120 551 3178 ἢ
564 3121 600 3180 τῷ
611 3119 734 3184 διαφέρειν
747 3120 775 3168 τὸ
787 3120 818 3168 δι’
831 3117 869 3177 οὗ,
883 3116 935 3166 οἰον
950 3118 981 3166 δι’
992 3117 1081 3171 ὕδατος
1094 3117 1109 3175 θ
1121 3121 1164 3176 γῆς
1178 3117 1194 3174 ἢ
1207 3114 1287 3179 ἀέρος,

202 3205 218 3264 ἦ
230 3208 265 3266 τῷ
279 3206 400 3271 διαρέρειν
414 3207 443 3256 τὸ
461 3208 609 3272 φερόμενον,
625 3208 668 3257 ἐὰν
683 3208 760 3257 τᾶλλα
772 3207 850 3256 ταύτὰ
865 3205 981 3272 ὑπάρχῃ,
996 3205 1037 3255 διὰ
1053 3205 1096 3264 τήν
1111 3205 1235 3268 ὑπεροχὴν
1245 3205 1288 3252 τοῦ

205 3293 320 3360 βοίροοςῆ
336 3301 379 3352 τῆς
394 3293 551 3361 κουρὸτητος.
566 3299 600 3346 Τὸ
613 3297 656 3360 μίν
667 3295 709 3346 οὗν
722 3297 752 3346 δι’
764 3296 792 3346 οὗ
808 3297 902 3362 φέρεται
917 3295 994 3344 αἰτιον
1007 3332 1012 3354 ,
1027 3295 1064 3343 ὅτι
1084 3292 1206 3357 ἐμποδίζει
1219 3291 1288 3355 μάλι-

206 3399 254 3432 στα
266 3383 308 3447 μὲν
325 3384 520 3450 διντιρερόμενον,
533 3385 618 3436 ἔπειτα
634 3387 675 3435 καὶ
687 3386 768 3450 μένον·
783 3386 872 3449 μᾶλλον
888 3384 915 3434 δὲ
931 3385 960 3436 τδ
973 3385 1006 3450 μὴ
1021 3382 1175 3448 εθδιαίρετον·
1190 3385 1288 3430 τοιοῦτο

205 3473 232 3522 δὲ
243 3473 271 3522 τὸ
283 3473 430 3538 παχύτερον.
445 3475 479 3524 Τὸ
494 3475 523 3534 δὴ
537 3474 572 3538 ἐρ’
588 3474 616 3525 οὗ
628 3479 648 3525 Α
661 3476 802 3534 οἰσθήσεται
818 3475 857 3524 διὰ
870 3479 914 3524 τοῦ
929 3477 948 3524 Β
963 3475 1006 3523 τθν
1024 3472 1061 3536 ἐρ’
1073 3465 1091 3540 ᾧ
1104 3474 1121 3522 Γ
1136 3470 1234 3536 χρόνον,
1249 3469 1288 3518 διὰ

205 3562 232 3612 δὲ
244 3567 288 3612 τοῦ
300 3566 320 3612 A
330 3564 475 3628 λεπτοτέροο
487 3564 556 3621 ὄντος
568 3565 610 3613 τὸν
628 3561 693 3632 ὲρ’ᾦ
710 3566 739 3625 Ε,
755 3565 775 3614 εἰ
789 3565 844 3614 ίσον
860 3565 889 3614 τθ
908 3569 984 3627 μῆκος
998 3563 1026 3612 τὸ
1040 3563 1114 3612 τοῦΒ
1128 3565 1165 3620 τῷ
1181 3564 1209 3620 A,
1227 3559 1289 3608 κατὰ

205 3653 250 3710 τὴν
260 3650 391 3712 ἀναλογίαν
401 3657 444 3702 τοῦ
455 3653 628 3716 ἐμποδίζοντος
639 3655 763 3718 σώματος.
776 3652 859 3703 Ἔστω
866 3653 912 3719 γὰρ
923 3654 952 3703 τὸ
964 3653 1007 3716 μὲν
1018 3654 1038 3702 Β
1048 3651 1121 3716 ὕδωρ,
1131 3649 1159 3700 τὸ
1168 3649 1222 3698 δὲΔ
1232 3648 1288 3714 ἀήρ·

206 3741 258 3804 ὅσῳ
272 3741 301 3800 δὴ
320 3741 467 3808 λεπτότερον
484 3743 530 3808 ἀὴρ
544 3743 630 3800 ὕδατος
646 3744 689 3793 καί
705 3744 919 3808 ἀσωμοιτώτερον,
934 3742 1048 3805 τοσούτῳ
1067 3741 1154 3814 θᾶττον
1169 3740 1198 3788 τὸ
1212 3742 1233 3788 Α
1249 3738 1290 3787 διὰ

206 3835 251 3880 τοῦ
262 3834 282 3880 A
294 3831 437 3889 οἰσθήσεται
450 3833 465 3891 ἢ
478 3832 520 3881 διὰ
531 3836 574 3882 τοῦ
585 3834 615 3882 Β.
631 3830 723 3898 Ἐχέτω
736 3835 765 3888 δὴ
777 3834 820 3882 τὸν
835 3832 907 3882 αὐτὸν
926 3831 997 3895 λόγον
1012 3831 1086 3894 ὅνπερ
1106 3831 1231 3888 διέστηκεν
1244 3828 1290 3892 ἀὴρ

205 3918 266 3984 πρὸς
278 3919 356 3986 ὕδωρ,
368 3921 397 3969 τθ
410 3919 482 3985 τάχος
494 3921 555 3988 πρὸς
566 3922 594 3972 τὸ
610 3921 695 3986 τάχος.
711 3920 784 3972 ‘ssas’
804 3923 825 3972 εἰ
845 3922 978 3978 διπλασίως
996 3920 1100 3982 λεπτόν,
1123 3918 1148 3967 ἐν
1168 3916 1290 3980 διπλασίῳ

206 4009 288 4073 χρόνῳ
299 4009 342 4068 τήν
358 4010 388 4058 τὸ
404 4012 424 4060 Β
439 4009 525 4060 δίεισιν
542 4013 557 4070 ἢ
577 4011 621 4070 τήν
635 4011 664 4062 τδ
678 4015 706 4070 Δ,
720 4013 762 4061 καὶ
779 4010 847 4062 ἔσται
861 4012 875 4059 θ
887 4011 923 4073 ἐρ’
939 4005 958 4079 ᾧ
976 4013 993 4060 Γ
1010 4008 1094 4076 χρόνος
1111 3991 1237 4063 διπλάσιος
1247 4010 1290 4054 τοῦ

207 4096 244 4159 ἐρ’
257 4091 276 4165 ᾧ
288 4100 315 4146 Ε.
336 4099 384 4148 Καὶ
395 4099 433 4148 ἀεὶ
446 4099 475 4158 δὴ
487 4101 539 4162 θσιρ
551 4100 604 4164 ἀνῇ
617 4100 814 4167 ἀσωματώτερον
823 4102 864 4150 καὶ
876 4101 949 4162 ἦττον
961 4099 1132 4164 ἑμποὸιστικὸν
1147 4097 1189 4146 καὶ
1202 4095 1292 4145 εὖδιαι-

208 4186 345 4251 ρετώτερον
360 4188 391 4236 δι’
403 4187 432 4236 οὗ
447 4188 560 4253 φέρεται,
575 4191 664 4240 θᾶττον
677 4190 828 4248 οἰσθήσεται.
844 4191 878 4240 Τὸ
893 4189 919 4239 δὲ
935 4189 1006 4238 κενὸν
1021 4187 1109 4237 οὐθένα
1125 4187 1176 4250 ἔχει
1186 4184 1257 4247 λόγον
1270 4178 1290 4256 ᾧ

207 4273 350 4338 θπερίχεται
360 4277 409 4326 ὑπὸ
420 4282 464 4327 τοῦ
479 4278 608 4341 σώματος,
623 4282 708 4344 ὥσπερ
720 4279 774 4330 οὐδὲ
785 4280 813 4329 τὸ
823 4279 896 4342 μηδὲν
906 4278 966 4344 πρὸς
976 4276 1085 4344 ἀριθμόν.
