3160 5054
302 490 332 537 rc
689 487 768 542 auru
784 455 1000 537 xnrsroruuu's

344 633 431 692 Nunc
450 646 524 690 vero
547 629 681 707 quaestio
701 628 839 700 exsistit,
861 645 1001 706 quanam
1016 630 1139 692 ratione
1161 631 1347 694 continuum
1369 652 1387 693 a

303 745 463 824 contiguo,
482 749 605 824 partem
622 762 641 804 a
659 747 737 818 toto,
758 743 948 822 experiendo
962 744 1187 807 discernamus.
1207 749 1323 808 Parum
1339 752 1387 809 est

302 861 388 921 enirn
410 861 595 938 contiguum
614 862 645 919 et
662 843 847 920 continuum
862 858 1028 920 dialectica
1047 859 1231 921 delinitione
1250 863 1386 924 circum-

302 976 440 1036 scribere
455 993 462 1035 :
480 974 687 1053 quaerendum
711 975 851 1052 insuper,
873 975 991 1052 quibus
1009 975 1136 1035 indiciis
1155 976 1223 1036 haec
1243 977 1328 1038 inter
1350 996 1384 1038 se

300 1091 516 1152 cohaerescere
530 1090 727 1164 noverimus,
744 1090 798 1150 illa
812 1089 894 1150 inter
909 1107 943 1150 se
955 1093 1085 1168 tangere
1099 1093 1333 1153 tantummodo.
1349 1094 1382 1154 Si

302 1207 430 1286 penitus
448 1223 516 1266 rem
538 1205 778 1284 introspexeris,
798 1205 941 1266 invenies
960 1205 1081 1268 nullam
1103 1224 1172 1268 esse
1193 1211 1300 1268 notam
1324 1227 1386 1286 qua

300 1322 483 1399 contiguum
503 1320 659 1399 potuisset
678 1338 696 1380 a
718 1320 869 1381 continuo
891 1319 1072 1398 dijudicari,
1090 1321 1116 1381 si
1132 1322 1176 1382 ita
1196 1340 1228 1382 se
1244 1323 1383 1384 mundus

299 1437 460 1498 habuisset
479 1441 514 1496 ut
531 1436 638 1496 omnia
657 1435 689 1494 in
710 1452 748 1496 eo
770 1439 933 1496 manerent
951 1437 1094 1497 immota.
1115 1436 1177 1498 Sed
1199 1455 1271 1498 cum
1293 1456 1381 1516 quae-

300 1552 374 1614 dam
397 1555 593 1622 moveantur,
615 1549 760 1628 quaedam
780 1553 928 1611 maneant
949 1551 1136 1626 immobilia,
1161 1553 1307 1613 continua
1329 1554 1383 1615 illa

300 1683 368 1727 esse
383 1666 519 1726 dicimus
531 1682 600 1743 quae
613 1683 676 1726 non
689 1668 824 1743 possunt
835 1666 956 1726 moveri
970 1665 1032 1726 nisi
1043 1668 1222 1745 conjuncte,
1236 1667 1383 1747 contigua

298 1785 403 1842 autem
427 1798 499 1858 quae
525 1797 594 1840 earn
617 1780 734 1840 habent
757 1780 839 1840 inter
861 1797 893 1840 se
917 1781 1099 1842 societatem
1123 1785 1172 1856 ut,
1199 1783 1382 1860 quiescente

298 1897 408 1970 altero,
425 1897 560 1958 alterum
579 1895 700 1956 moveri
718 1900 827 1973 queat,
843 1895 893 1956 vel
913 1895 1010 1956 etiam
1029 1900 1079 1972 ut,
1097 1897 1215 1976 agitato
1231 1902 1380 1976 utroque,

298 2012 433 2072 alterum
452 2010 513 2072 huc
526 2011 661 2072 alterurn
680 2011 756 2071 illuc
772 2028 828 2071 suo
844 2011 915 2088 jure
934 2015 1105 2072 moveatur.
1123 2013 1283 2074 Habemus
1298 2031 1383 2074 nunc

298 2126 488 2186 Aristotelia,
504 2126 634 2205 hujusce
650 2126 813 2186 sententiae
829 2125 1116 2204 significationem:
1133 2151 1147 2182 «
1159 2130 1204 2188 De
1217 2129 1288 2189 loco
1302 2128 1383 2189 nihil

297 2243 519 2320 ambigeretur,
545 2241 608 2301 nisi
631 2245 736 2302 motus
757 2241 887 2318 quidam
910 2241 1083 2302 secundum
1102 2243 1206 2303 locum
1228 2242 1342 2305 soreth
1366 2269 1381 2300 a

298 2358 457 2418 Habemus
477 2374 620 2434 quoque,
643 2373 699 2416 cur
721 2355 906 2417 Aristoteles
930 2357 962 2416 in
987 2357 1057 2418 haec
1078 2359 1174 2418 verba
1193 2359 1383 2420 contraxerit

297 2472 435 2550 primam
449 2472 548 2532 totius
562 2471 601 2532 de
616 2471 686 2531 loco
706 2471 987 2550 argumentationis
1007 2470 1150 2549 partem²
1172 2490 1180 2532 ε
1207 2495 1222 2528 «
1248 2476 1381 2535 Necesse

299 2611 313 2654 a
333 2592 381 2648 est
405 2588 511 2649 locum
535 2603 603 2647 esse
628 2585 852 2647 circumdantis
873 2587 920 2647 rei
941 2587 1126 2648 terminum.
1150 2588 1381 2652 circumdatam

299 2727 313 2758 «
330 2707 436 2763 autem
453 2721 523 2764 earn
537 2719 605 2762 rem
621 2701 706 2773 dico,
724 2719 794 2778 quae
810 2701 937 2762 mobilis
953 2706 1011 2762 est.
1031 2727 1045 2758 »

337 2819 371 2876 ln
391 2818 527 2878 eundem
549 2816 614 2877 lere
638 2816 769 2878 modum
792 2817 959 2878 obscuram
983 2816 1064 2877 hanc
1083 2818 1261 2878 Aristotelis
1286 2836 1379 2896 argu-

294 3049 341 3100 tim
356 3047 502 3097 dilucescet.
519 3049 556 3095 De
570 3047 619 3095 hoc
635 3045 703 3095 enim
719 3045 811 3108 agitur,
825 3059 876 3094 non
890 3058 965 3109 posse
981 3046 1091 3110 spatium
1107 3050 1151 3096 aut
1164 3046 1239 3097 inane
1251 3046 1323 3097 velut
1339 3062 1378 3098 sa·

295 3139 412 3200 paratum
432 3135 530 3199 aliquid
546 3135 677 3185 exsistere.
694 3137 732 3184 Eo
747 3134 824 3196 igitur
838 3133 921 3184 modo.
935 3134 1087 3184 Aristoteles
1108 3134 1212 3186 disserit
1230 3153 1235 3184 :
1252 3139 1338 3200 Neque
1352 3137 1379 3186 in

295 3225 351 3275 loco
362 3238 406 3288 per
417 3237 445 3274 se
461 3225 613 3284 exsistente,
629 3237 711 3287 neque
726 3224 751 3272 in
764 3237 845 3272 vacuo
860 3223 1002 3286 quidquam
1013 3223 1097 3273 inesse
1110 3227 1197 3288 queat.
1210 3225 1379 3274 intervallum

294 3316 363 3366 enim
375 3316 397 3365 si
409 3315 543 3365 exsisteret
555 3327 600 3378 per
612 3327 638 3364 se
653 3315 811 3376 separatum,
825 3312 928 3375 corpori
942 3312 1057 3363 subesset
1071 3312 1105 3363 ibi
1115 3313 1212 3377 posito,
1225 3327 1255 3363 ac
1268 3327 1314 3378 per
1324 3328 1378 3363 orn-

296 3419 340 3454 nes
357 3404 470 3468 corporis
487 3403 594 3467 hujusce
609 3405 709 3465 partes,
724 3404 755 3450 ut
770 3401 808 3450 ita
822 3401 918 3460 dicam,
932 3405 1082 3464 permearet.
1098 3401 1195 3452 Eodem
1210 3402 1288 3464 igitur
1303 3402 1380 3452 modo

294 3497 380 3557 partes
391 3493 505 3556 corporis
521 3492 607 3542 locum
619 3491 767 3541 obtinerent
779 3503 832 3552 quo
851 3503 944 3554 corpus
959 3491 1118 3540 universum.
1131 3494 1247 3552 atvero,
1264 3491 1378 3555 quandiu

294 3582 402 3631 inclusae
418 3581 444 3630 in
465 3594 571 3644 corpore
591 3582 698 3630 manent
716 3579 755 3642 (ἂν
775 3581 808 3642 μὴ
828 3580 901 3644 χωρὶς
918 3579 1034 3642 τιθῆται),
1055 3581 1140 3642 partes
1157 3578 1243 3628 locum
1262 3579 1379 3628 obtinent

293 3673 409 3737 potentia
420 3671 608 3731 tantummodo,
623 3684 706 3735 neque
719 3671 746 3719 in
759 3669 815 3718 loco
830 3683 919 3720 revera
936 3673 1010 3729 sunt,
1026 3670 1109 3720 sedin
1125 3674 1189 3720 toto.
1205 3673 1287 3720 Locus
1301 3670 1379 3733 igitur

293 3775 339 3825 per
350 3764 436 3825 partes
447 3773 576 3824 permeare
586 3760 677 3823 nequit
695 3778 702 3808 ε
716 3773 747 3808 ex
758 3773 811 3822 quo
823 3758 961 3821 colligitur,
973 3758 1057 3808 locum
1072 3773 1122 3810 non
1134 3773 1188 3810 esse
1201 3759 1375 3809 intervallum.

326 3851 359 3914 (1)
374 3850 456 3913 Pbps.
474 3850 511 3908 ll,
528 3855 587 3912 2¹1,
604 3863 631 3910 a,
650 3854 676 3898 12
694 3866 699 3898 :
716 3852 809 3910 πρῶτον
828 3847 869 3911 μὲν
886 3847 928 3898 οὖν
947 3849 983 3897 δεῖ
995 3854 1146 3907 κατανοῆσαι
1164 3849 1201 3898 ὅτι
1215 3849 1260 3898 οὐκ
1274 3850 1302 3897 ἂν
1322 3849 1377 3907 ἐζη-

295 3945 360 3990 τεῖτο
373 3942 386 3989 ὁ
399 3940 484 4000 τόπος,
501 3939 521 3988 εἰ
536 3940 568 4002 μὴ
582 3937 677 3997 κίνησίς
692 3953 727 3994 τις
739 3937 768 3998 ἦν
783 3939 800 3996 ἡ
816 3936 880 3986 κατὰ
894 3940 977 3986 τόπον.
995 3964 1027 3972 -
1043 3937 1082 3987 ul.
1099 3937 1219 4001 Meiaplt.
1234 3939 1268 3998 X,
1284 3951 1323 3999 ιι,
1339 3940 1352 3986 7
1371 3955 1377 3985 :

292 4035 341 4080 πᾶν
356 4031 385 4078 τὸ
399 4030 539 4092 κινούμενον
555 4031 578 4077 ἐν
590 4027 666 4091 τόπῳ.

325 4117 358 4180 (2)
373 4116 455 4180 Phys.
469 4118 511 4178 lv,
525 4121 584 4177 212,
595 4130 619 4178 a,
634 4120 649 4164 6
666 4133 671 4165 :
686 4114 780 4177 ἀνάγκη
792 4115 833 4165 τὸν
846 4118 922 4165 τόπον
935 4117 1026 4166 εἶναι...
1039 4116 1067 4165 τὸ
1081 4115 1155 4180 πέρας
1165 4121 1208 4166 τοῦ
1219 4115 1376 4182 περιέχοντος

294 4209 415 4269 σώματος.
431 4204 502 4268 Λέγω
517 4205 543 4254 δὲ
556 4206 583 4254 τὸ
597 4204 766 4268 περιεχόμενον
781 4211 854 4268 σῶμα
868 4205 894 4254 τὸ
908 4206 1004 4264 κινητὸν
1018 4206 1082 4254 κατὰ
1092 4206 1173 4270 φοράν.

1570 688 1571 738 l

1568 753 1571 794 l
