3160 5054
549 523 593 571 DE
609 521 876 572 LOCOSENSERIT.
919 560 921 567 .
1165 559 1167 563 ψ
1224 529 1256 574 49
1351 553 1353 559 1

174 667 205 724 in
229 682 291 742 quo
307 682 357 726 res
375 665 498 726 inclusa
514 669 669 738 movetur,
687 665 831 727 dicemus
850 683 918 726 rem
940 666 1093 728 inclusam
1115 667 1203 744 quasi
1223 667 1256 729 in
1276 691 1277 696 ¹

174 797 247 840 vase
263 780 399 852 moveri,
416 798 479 840 non
493 781 574 840 utin
589 780 669 840 loco.
692 803 707 834 (ι
728 783 806 841 Cum
823 781 856 840 in
870 781 982 841 mobili
996 799 1037 858 re,
1049 781 1167 859 aliquid
1186 799 1256 842 mo-

177 917 191 950 «
209 899 310 969 vetur,
325 893 356 955 et
369 895 555 956 transfertur
567 895 651 974 quod
668 896 752 956 intus
769 899 827 971 est,
840 897 925 956 velut
937 897 970 956 in
981 897 1074 958 fluvio
1086 898 1256 976 navigium,

178 1034 192 1064 ι
210 1011 389 1071 continente
406 1027 440 1071 re
455 1011 554 1072 utitur
568 1011 674 1089 potius
693 1017 728 1072 ut
740 1028 811 1071 vase
827 992 923 1089 quam
939 1015 976 1072 ut
989 1012 1069 1072 loce.
1084 1013 1260 1074 Immcbilis

179 1125 277 1185 «vult
299 1143 368 1185 esse
389 1125 515 1188 locus...
536 1126 734 1204 Quapropter
756 1126 922 1187 universus
947 1126 1061 1187 fluvius
1087 1128 1187 1206 magis
1213 1132 1262 1188 est

180 1263 194 1294 «
213 1241 311 1314 locus,
324 1241 397 1318 quia
406 1245 454 1301 est
464 1241 638 1301 immobilis
648 1239 671 1301 ⁴.
688 1265 702 1297 »
715 1243 749 1301 ln
760 1241 917 1304 hunclere
928 1241 1062 1302 modum
1072 1243 1263 1303 sententiam

179 1355 476 1434 interpretabimur:
489 1357 586 1434 Finge
600 1356 658 1416 tibi
673 1373 783 1416 navem
804 1356 942 1416 secundo
961 1357 1047 1416 amni
1062 1374 1119 1435 per
1131 1357 1263 1418 fluvium

181 1470 358 1542 devectam,
376 1471 409 1530 in
423 1471 496 1532 navi
510 1475 616 1532 autem
634 1471 781 1532 homines
804 1471 866 1532 huc
885 1471 961 1532 illuc
980 1489 1012 1532 se
1029 1472 1261 1533 transferentes.

181 1586 353 1646 Hominum
364 1585 472 1647 locum
492 1604 594 1664 neque
610 1587 764 1647 mobilem
780 1605 890 1647 navem
906 1603 975 1648 esse
989 1586 1145 1662 dicamne,
1162 1605 1264 1665 neque

110 1755 113 1759 .
182 1701 279 1761 etiam
297 1702 480 1762 interiorem
499 1703 715 1780 mobilemque
737 1720 831 1780 aquae
848 1702 1023 1764 terminum
1045 1721 1108 1781 quo
1130 1703 1265 1765 circum·
1312 1783 1316 1788 Ι

183 1815 275 1876 datur
289 1817 396 1901 nevis,
415 1817 470 1878 sed
485 1818 616 1878 lluvium
631 1818 829 1889 universum,
845 1819 964 1896 quippe
980 1819 1033 1896 qui
1052 1819 1134 1880 inter
1151 1819 1267 1879 immo-

183 1936 232 1992 tos
247 1933 400 1992 terminos
416 1950 454 1992 ex
473 1933 648 1994 aeternitate
661 1935 815 1993 teneatur.
833 1932 984 1994 Homines
1000 1933 1098 2012 igitur
1111 1938 1142 1994 et
1155 1951 1268 1994 navem

185 2047 217 2106 in
232 2047 343 2106 mobili
360 2027 501 2108 fluminis
516 2031 602 2108 amni
621 2048 725 2108 inesse
742 2047 887 2108 dicemus
902 2048 989 2109 velut
1009 2048 1042 2108 in
1060 2066 1132 2108 vase
1155 2067 1268 2126 aquam

186 2167 217 2222 et
231 2179 316 2236 aera3
335 2180 461 2224 amnem
473 2181 547 2224 vero
567 2168 598 2224 et
612 2180 722 2224 navem
738 2167 770 2224 et
786 2162 931 2224 homines
952 2164 984 2224 in
1006 2164 1100 2225 lluvio
1122 2165 1269 2226 universo

186 2278 315 2338 velutin
327 2279 417 2339 loco:
433 2279 512 2340 adeo
523 2283 560 2339 ut
572 2279 674 2340 tribus
688 2296 725 2339 ex
740 2278 789 2338 his
802 2280 913 2350 rebus,
928 2279 1029 2353 omni,
1044 2279 1116 2339 navi
1133 2279 1269 2340 homini·
1327 2276 1329 2286 ’

187 2394 325 2471 busque,
340 2393 476 2455 solidum
495 2395 550 2454 liat
568 2394 705 2472 aliquid,
720 2395 810 2472 cujus
828 2399 950 2472 partes,
970 2394 1113 2471 quamvis
1135 2395 1218 2455 inter
1237 2412 1270 2455 se

188 2509 346 2570 continuae
357 2528 421 2570 non
430 2510 503 2584 sint,
512 2510 616 2570 locum
625 2511 895 2588 tamenpotestate
903 2509 1123 2570 tantummodo
1131 2508 1249 2570 habent
1262 2528 1269 2569 :

188 2613 313 2686 summa
326 2625 432 2686 locum
444 2628 515 2685 actu
527 2625 658 2686 obtinet.
675 2659 714 2668 —
727 2624 943 2702 Intellegimus
954 2641 1038 2684 nunc
1049 2623 1178 2684 demum
1189 2623 1273 2684 Aris-

188 2740 331 2799 toteliam
347 2741 535 2800 sententiam
549 2757 556 2800 :
569 2742 587 2795 ἰ(
601 2727 689 2801 locus
707 2742 754 2800 est
769 2739 962 2800 continentis
982 2739 1138 2800 terminus
1160 2739 1273 2799 immo·

190 2855 263 2914 bilis
288 2853 442 2934 primusl.
468 2879 482 2911 ν
506 2855 633 2916 Mobilis
656 2873 706 2916 res
731 2855 763 2915 in
786 2871 820 2914 re
838 2854 949 2916 mobili
970 2855 996 2914 si
1016 2858 1190 2928 moveatur,
1208 2854 1274 2916 haec

191 2973 296 3030 autem
311 2971 508 3032 contineatur
523 2971 555 3030 in
571 2970 682 3032 mobili
697 2971 803 3049 tertia,
822 2969 957 3030 mobiles
978 2969 1148 3030 mobilium
1166 2987 1274 3030 rerum

190 3085 344 3146 terminos
360 3085 513 3146 habemus
535 3103 542 3146 ε
563 3103 621 3164 per
639 3103 720 3163 quos
745 3085 771 3144 si
792 3084 1024 3163 progrediendo
1039 3084 1273 3155 transierimus,

193 3200 365 3260 terminum
385 3218 481 3279 quem
502 3201 692 3281 primumin
716 3201 830 3261 itinere
852 3203 960 3260 nostro
983 3199 1178 3278 reperiemus
1205 3216 1274 3261 esse

193 3315 407 3391 immobilem,
423 3323 584 3378 eum'vere
597 3316 706 3377 locum
722 3333 791 3377 esse
808 3319 994 3376 statuemus.

236 3469 345 3527 Restat
354 3471 389 3528 ut
399 3467 607 3544 inquiramus
621 3467 674 3544 qui
685 3467 735 3526 vel
747 3467 885 3526 maxime
897 3467 960 3526 sint
970 3465 1099 3525 termini
1112 3465 1207 3545 primi
1218 3464 1276 3524 im-

193 3617 260 3674 πάθη
271 3619 312 3666 καὶ
325 3619 338 3668 ὁ
350 3617 435 3679 τόπος,
449 3619 483 3674 εἰς
495 3617 512 3666 ἃ
523 3622 646 3666 κινοῦνται
659 3617 689 3666 τὰ
701 3617 847 3679 κινούμενα,
860 3615 961 3675 ἀκίνητά
975 3617 1050 3665 ἐστιν.
1061 3641 1092 3650 -
1104 3613 1143 3664 dt.
1157 3613 1276 3678 Melaplt.

198 3707 231 3764 x,
250 3709 323 3766 rom,
339 3704 369 3768 b,
383 3711 406 3756 a.

228 3796 260 3860 ti)
273 3795 355 3859 Phys.
368 3796 415 3859 lv,
431 3799 490 3858 212,
506 3809 534 3856 a,
554 3801 581 3843 16
597 3811 602 3842 :
620 3795 656 3844 διὸ
672 3794 730 3842 ὅταν
744 3794 786 3856 μὲν
797 3795 821 3843 ἐν
836 3795 971 3856 κινουμένῳ
985 3797 1077 3852 κινῆται
1088 3794 1130 3841 καὶ
1142 3791 1279 3855 permollit]

168 3933 169 3938 ,
196 3885 223 3942 τὸ
237 3883 317 3944 ἐντός,
333 3884 383 3933 οἷον
397 3885 422 3933 ἐν
435 3885 540 3948 ποταμῷ
558 3885 656 3944 πλοῖον,
673 3886 705 3939 ὡς
720 3881 810 3946 ἀγγείῳ
825 3887 912 3948 χρῆται
928 3883 1018 3946 μᾶλλον
1033 3885 1048 3942 ἢ
1064 3884 1132 3943 τόπῳ
1146 3885 1179 3942 τῷ
1196 3878 1281 3944 περιέ-

198 3990 276 4036 χοντι.
294 3973 413 4024 Βούλεται
428 3972 448 4022 δ’
467 3972 581 4029 ἀκίνητος
601 3973 663 4021 εἶναι
679 3973 691 4020 ὁ
708 3971 789 4027 τόπος.
808 3974 851 4020 Διὸ
866 3973 879 4020 ὁ
895 3976 942 4026 πᾶς
960 3971 1048 4034 μᾶλλον
1066 3971 1175 4030 ποταμὸς
1192 3971 1279 4029 τόπος,

200 4062 237 4110 ὅτι
250 4061 361 4121 ἀκίνητος
376 4063 389 4111 ὁ
403 4066 458 4118 πᾶς.

233 4149 266 4213 (2)
280 4150 360 4213 Phys.
376 4152 418 4211 IV,
436 4156 490 4210 212,
506 4163 529 4209 a,
546 4155 575 4199 20
591 4167 596 4198 :
613 4150 679 4198 ὥστε
694 4150 722 4199 τὸ
737 4153 780 4197 τοῦ
792 4149 946 4213 περιέχοντος
960 4150 1033 4213 πέρας
1048 4148 1159 4205 ἀκίνητον
1173 4148 1279 4213 πρῶτον,

201 4239 273 4290 τοῦτ’
285 4241 350 4289 ἔστιν
365 4242 378 4289 ὁ
393 4239 476 4296 τόπος.

328 4332 452 4381 Bencsou.
1143 4329 1156 4375 l
