3160 5054
582 527 625 575 DE
642 525 725 576 uodo
743 527 905 578 sensuum.

613 1138 617 1142 .
712 1070 777 1130 Vll.

278 1297 357 1372 Quae
369 1303 403 1360 in
414 1297 613 1378 difficultates
628 1299 799 1360 Aristotelia
813 1301 871 1361 1οοὶ
886 1299 1020 1380 definitio
1035 1245 1207 1363 deludatur.

243 1531 287 1590 De
299 1530 367 1591 loco
383 1531 523 1610 quamvis
538 1531 617 1592 nihil
631 1531 695 1592 sere
710 1532 794 1592 aliud
806 1533 838 1592 in
849 1536 959 1610 quarto
971 1533 1113 1611 Physieae
1125 1534 1286 1594 Ausculta-

202 1646 298 1706 tionis
320 1645 401 1708 libro
427 1625 612 1719 inveniatur,
640 1650 794 1720 attamen,
820 1647 906 1708 hisce
927 1649 954 1708 si
976 1652 1145 1709 contentus
1169 1648 1283 1724 fueris,

203 1761 358 1822 exoterieo
372 1761 478 1839 potius
497 1763 620 1823 steteris
636 1763 814 1823 Aristotelis
832 1763 954 1842 judicio
976 1781 1070 1840 quam
1090 1765 1123 1823 in
1140 1763 1286 1824 intimam

203 1877 344 1955 eJusdem
360 1877 549 1938 sententiam
562 1877 773 1939 descenderis.
787 1881 894 1957 Neque
908 1879 1076 1939 enimcum
1087 1880 1286 1939 ceteraAris-

202 1992 308 2052 totelis
324 1993 505 2071 disciplina,
520 2010 623 2070 neque
638 1993 707 2072 ipsa
723 2011 846 2066 secum,
859 1994 920 2053 nisi
934 2011 1004 2054 eam
1014 1994 1076 2054 alte
1089 1995 1284 2072 introspicias

203 2111 234 2167 et
245 2108 407 2168 enucleate
419 2109 646 2188 interpreteris,
664 2109 834 2188 descriptio
853 2109 906 2169 illa
922 2109 984 2170 loci
996 2110 1125 2170 omnino
1133 2109 1199 2188 jam
1212 2127 1285 2170 con-

201 2295 254 2344 tine
273 2293 408 2344 reddemus
429 2313 434 2343 z
456 2294 572 2350 «inane,
588 2293 609 2344 si
626 2297 705 2353 esset,
726 2293 797 2344 locus
816 2298 883 2344 esset
897 2307 1004 2358 corpore
1023 2294 1166 2344 orbatus.»
1187 2298 1282 2346 Locum

201 2388 287 2434 autem
297 2397 405 2447 ¹corpore
419 2383 504 2432 orbari
518 2383 668 2432 Aristoteles
680 2382 752 2432 nullo
764 2381 840 2432 modo
855 2396 928 2447 posse
943 2383 1081 2433 existimat.

234 2471 359 2524 Subtilius
371 2470 436 2522 illud
452 2474 631 2535 argumentum
646 2471 765 2530 dixerim,
782 2472 852 2536 quod
868 2486 881 2521 e
897 2471 998 2522 duobus
1016 2472 1132 2536 Physica
1146 2472 1282 2522 Ausculta-

201 2561 278 2611 tionis
294 2561 356 2610 lucis
373 2561 474 2610 elicitur
490 2577 495 2609 :
511 2562 535 2610 ἐν
551 2557 569 2629 ᾧ
586 2560 632 2627 γάρ
650 2563 730 2619 ἐστιν,
743 2560 940 2625 ἀυτιμεθίστοιται
956 2565 969 2610 ό
983 2562 1028 2625 ἀὴρ
1043 2563 1084 2612 καὶ
1099 2563 1127 2610 τὸ
1144 2563 1234 2624 ὕδωρῆ
1253 2563 1283 2611 τὰ

201 2652 273 2714 μόρια
287 2655 331 2700 τοῦ
348 2652 447 2712 ὕδατος,
467 2649 522 2700 ἀλλ’
541 2653 585 2700 οὐκ
604 2653 628 2700 ἐν
650 2645 668 2718 ᾧ
683 2649 789 2714 γίνονται
806 2650 887 2714 τόπῳ,
908 2651 933 2705 ὃς
948 2649 1019 2715 μόρος
1037 2651 1089 2702 ἐστὶ
1106 2655 1149 2699 τοῦ
1165 2651 1243 2700 τόπου
1258 2653 1283 2707 ός

201 2741 254 2789 ἐστι
268 2740 341 2795 τόπος
356 2741 412 2789 όλου
428 2743 471 2789 τοῦ
488 2741 599 2802 οὐρανοῦ.
616 2739 705 2802 (Phys.
723 2741 766 2797 IV,
783 2744 842 2798 211,
856 2739 885 2795 b.
903 2740 950 2802 27).
966 2741 1012 2790 Καὶ
1026 2739 1089 2803 μένει
1107 2741 1136 2798 δὴ
1151 2739 1219 2802 φύσει
1234 2745 1283 2789 πᾶν

200 2830 224 2877 ἐν
237 2834 271 2890 τῷ
286 2829 368 2892 οἰκείῳ
382 2831 451 2891 τόπῳ
465 2829 565 2877 ἕκαστον
580 2830 625 2877 οὐκ
639 2829 739 2889 ἀλόγως·
753 2831 795 2876 καὶ
813 2829 858 2892 γὰρ
873 2831 899 2876 τό
915 2831 985 2894 μέρος
1004 2830 1058 2878 τόδε
1077 2829 1150 2892 ἐντῷ
1164 2829 1233 2895 τόπῳ
1248 2833 1281 2885 ὡς

200 2920 318 2982 διαιρετόν
337 2919 405 2982 μέρος
418 2919 476 2980 πρὸς
496 2917 552 2967 ὅλον
566 2916 641 2976 ἐστίν,
655 2919 707 2967 οἷον
727 2918 785 2966 όταν
799 2918 885 2973 ὕδατος
906 2919 993 2982 κινήσῃ
1012 2935 1047 2974 τις
1067 2918 1177 2982 μόριουῆ
1198 2919 1278 2984 ἀέρος.

122 3033 126 3040 .
201 3008 293 3072 (Phys.
307 3009 349 3066 Ν,
365 3013 425 3068 212,
437 3005 466 3065 b,
481 3007 530 3070 31.)
543 3005 679 3056 Concludit
693 3021 724 3056 ex
736 3005 775 3056 his
790 3006 896 3065 Wolter‚
907 3005 992 3055 locum
1006 3020 1216 3070 unumquemque
1231 3020 1279 3056 ve-

201 3095 241 3145 lut
253 3098 351 3159 partem
364 3109 418 3145 esse
432 3095 507 3158 spatii
521 3095 654 3158 cujusdam
669 3095 789 3145 unlverso
805 3094 868 3144 caelo
883 3095 1022 3145 terminati.
1038 3097 1070 3144 nt
1084 3095 1221 3160 veroquid
1235 3109 1281 3145 so-

201 3189 263 3234 nent
278 3184 356 3234 verba
370 3184 442 3241 τόπος
453 3186 509 3234 ὅλου
521 3190 564 3234 τοῦ
580 3185 680 3246 οὐρανοῦ
699 3183 796 3234 Woller
812 3184 883 3233 nullo
902 3184 978 3234 modo
992 3183 1095 3234 videtur
1111 3183 1279 3234 intellexisse.

202 3274 297 3324 Gaelum
316 3274 384 3324 enim
404 3273 553 3322 universum
573 3273 630 3322 loco
650 3286 736 3322 carere
760 3288 818 3344 cum
838 3273 987 3323 Aristoteles
1005 3273 1082 3322 etiam
1105 3276 1183 3337 atque
1204 3273 1280 3322 etiam

199 3363 344 3422 confirmet,
360 3361 416 3412 caeli
429 3367 515 3412 autem
529 3348 767 3426 parteS‚quaten11s
784 3363 840 3411 aliae
854 3362 881 3410 in
896 3361 953 3411 aliis
968 3361 1147 3424 includuntur,
1162 3362 1218 3411 loco
1230 3375 1277 3426 po-

200 3451 257 3512 tiri,
272 3451 435 3516 perspicuum
449 3454 488 3501 est
502 3451 586 3500 verbis
597 3453 654 3500 ὅλου
669 3457 710 3500 τοῦ
724 3452 824 3515 οὐρανοῦ
840 3465 891 3500 non
908 3451 999 3500 caelum
1014 3450 1162 3500 universum
1177 3449 1280 3514 (quippe
1332 3460 1334 3464 ’

200 3540 270 3604 quod
283 3541 340 3589 louo
353 3540 445 3603 careat)
461 3540 504 3589 sed
520 3539 653 3589 universas
667 3539 723 3588 caeli
737 3543 821 3603 partes
836 3539 981 3601 significari.
997 3539 1073 3596 Quod
1087 3538 1165 3602 igitur
1179 3539 1278 3590 Aristo-

200 3627 264 3678 teles
278 3629 353 3690 τόπου
369 3629 425 3678 ὅλου
439 3634 482 3678 τοῦ
498 3630 601 3694 οὐρανοῦ
618 3629 741 3692 appellat,
758 3628 784 3678 id
800 3627 864 3676 nihil
879 3627 950 3677 aliud
965 3631 1004 3677 est
1019 3627 1068 3676 nisi
1085 3641 1205 3692 corporea
1220 3628 1282 3678 soli-

200 3717 282 3781 daque
293 3716 384 3766 mundi
395 3717 486 3774 moles,
501 3731 572 3780 qum,
587 3731 645 3766 curn
657 3719 742 3781 partos
753 3716 846 3766 habeat
858 3717 920 3766 alias
933 3717 959 3766 iu
970 3716 1025 3766 aliis
1035 3717 1158 3776 inclusas,
1169 3718 1281 3780 partium

199 3820 303 3856 suarum
315 3805 387 3856 locus
401 3809 447 3856 est.
463 3809 559 3856 Locum
573 3806 651 3869 igitur
666 3806 808 3855 naturalem
820 3819 1044 3869 unumquemque,
1057 3809 1164 3867 terram,
1178 3819 1279 3868 aquam,

200 3908 270 3954 aera,
284 3895 367 3958 ignem
381 3896 406 3944 et
418 3894 512 3944 aethera
528 3894 643 3943 dicemus
657 3898 741 3956 partes
758 3908 811 3944 esse
826 3893 902 3944 solidi
917 3894 1021 3954 mundi,
1035 3908 1116 3957 eoque
1131 3894 1206 3943 modo
1221 3897 1280 3958 μέρη

200 3984 260 4033 εἶναι
275 3987 318 4034 τοῦ
336 3986 411 4032 τόπου
426 3985 451 4040 ός
465 3985 517 4033 ἐστι
537 3985 610 4041 τόπος
630 3985 685 4032 όλου
699 3987 741 4032 τοῦ
756 3984 872 4047 οὐρανοῦ,
889 3981 929 4032 vel
946 3983 1024 4032 etium
1043 3987 1075 4040 ὡς
1093 3983 1202 4047 διαιρετὰ
1217 3984 1276 4048 μέρη

199 4074 261 4122 εἶναι
275 4073 334 4139 πρὸς
346 4074 409 4122 ὅλον.
425 4075 462 4122 De
476 4086 598 4135 corporeo
611 4072 690 4135 igilur
703 4071 766 4122 caelo
781 4072 908 4121 mundove
921 4071 964 4122 hic
978 4073 1070 4136 agitur,
1086 4085 1138 4122 non
1151 4070 1276 4135 despatio

199 4161 253 4210 ullo
267 4161 460 4211 intermedium
475 4166 500 4211 et
514 4165 629 4211 extrema
642 4161 698 4210 caeli
712 4161 854 4225 interjecto.

232 4251 352 4313 Superest
365 4253 543 4314 argumentum
556 4249 633 4310 illud,
647 4264 661 4300 ο
675 4251 823 4313 categoriis
834 4249 954 4312 ductum,
968 4251 1037 4315 quod
1052 4249 1166 4300 omnium
1179 4249 1277 4313 gravis-
