3160 5054
572 507 615 554 DE
630 505 714 555 Loco
732 507 895 556 SENSERIT.
1247 515 1276 561 39

191 656 296 711 eutem
324 649 528 710 vehementer
552 649 605 726 qui
632 652 743 727 putent
765 649 870 710 inesse
898 650 931 710 in
953 652 1048 712 rebus
1073 653 1276 714 intervallum

193 765 354 843 quoddam
371 765 480 839 inane,
495 763 583 841 quod
600 763 706 824 minus
719 765 861 842 majusve
878 765 931 825 dat
946 783 1018 827 cum
1033 767 1172 828 densitas
1192 785 1276 829 cres-

192 885 242 941 cat
261 884 316 940 aut
333 880 502 940 minuatur.
528 880 691 939 Elementa
710 879 796 939 enim
820 881 963 958 corporis
986 886 1018 942 et
1043 882 1136 942 inane
1160 883 1278 961 disjun-

192 1000 283 1075 gunt,
300 995 354 1055 hic
369 995 628 1068 elementa,·illic
647 995 739 1054 inane
758 989 922 1073 ponentes.
940 998 1044 1075 Longe
1064 1002 1173 1058 autem
1186 999 1279 1059 aliter

194 1130 227 1196 se
240 1129 291 1172 res
305 1111 411 1172 habet.
428 1112 474 1170 lta
489 1111 575 1170 enim
593 1113 773 1188 comparata
787 1114 899 1170 natura
913 1112 1055 1172 materiae
1074 1118 1132 1191 est,
1151 1118 1185 1173 ut
1200 1113 1278 1174 duas

195 1227 250 1287 has
265 1229 448 1305 potestates
465 1243 550 1286 nunc
564 1225 737 1297 crescendi,
748 1243 833 1285 nunc
846 1242 879 1285 se
896 1226 1113 1298 contrahendi,
1131 1228 1276 1298 inclusas,

195 1343 230 1400 ut
242 1339 286 1398 ita
302 1337 419 1410 dicam,
434 1339 550 1398 teneat.
567 1336 743 1396 Potestates
762 1339 867 1396 autem
886 1354 931 1396 eae
950 1337 1060 1397 nonin
1077 1337 1127 1398 his
1144 1342 1198 1398 aut
1215 1339 1278 1398 illis

195 1453 361 1533 particulis
385 1451 508 1522 insunt,
525 1450 582 1512 sed
606 1451 639 1511 in
663 1450 764 1511 solida
782 1452 996 1530 continueque
1020 1443 1167 1526 materia,
1190 1453 1279 1530 cujus

196 1572 321 1648 partem
332 1567 382 1628 vel
394 1567 561 1626 minimam
570 1566 596 1626 si
610 1565 871 1641 consideraverim
884 1567 1135 1645 magnitudinem
1147 1568 1282 1645 parvita-

196 1687 325 1761 temque
348 1682 450 1743 adhuc
469 1683 515 1742 ibi
538 1682 682 1742 invenies
702 1685 870 1760 potestate.
892 1705 907 1736 «
925 1683 1050 1761 Majoris
1071 1683 1181 1744 circuli
1203 1701 1280 1744 con-

199 1822 213 1854 «
228 1799 349 1858 vexitas
368 1798 394 1857 si
412 1799 465 1857 liat
485 1797 618 1857 minoris
633 1796 753 1869 circuli,
768 1815 841 1874 pars
861 1797 947 1858 nulle
965 1815 1060 1858 curva
1078 1799 1114 1858 fit
1133 1815 1202 1876 quae
1218 1815 1281 1858 non

198 1937 213 1968 «
227 1917 318 1973 antea
331 1930 425 1974 curva
440 1917 524 1972 esset
538 1911 593 1972 sed
604 1916 700 1972 recta.
719 1915 825 1989 Neque
841 1908 927 1972 enim
941 1930 997 1990 per
1009 1914 1281 1974 intermissionem

201 2051 215 2084 α
234 2029 371 2089 acerelio
394 2031 448 2088 aut
474 2028 658 2088 imminutio
687 2025 754 2087 fill.
783 2051 797 2082 »
825 2029 980 2089 Tenemus
1009 2027 1139 2088 nodum.
1171 2030 1282 2090 Censet

198 2145 383 2206 Aristoteles
398 2161 461 2204 non
476 2161 533 2221 per
547 2143 710 2203 intervalla
724 2143 867 2221 longiora
886 2147 941 2203 aut
955 2143 1101 2204 breviora
1116 2144 1282 2222 interjecta

199 2260 411 2320 accretionem
427 2259 511 2330 lieri,
531 2259 585 2319 sed
603 2225 816 2336 per⁸partium
838 2259 983 2318 omnium
999 2259 1154 2337 majorem
1177 2259 1282 2322 mino-

198 2392 317 2448 remve,
335 2379 369 2435 ut
380 2375 423 2434 ita
433 2374 548 2446 dicam,
564 2374 787 2433 intensionem.
805 2359 884 2433 Cum
899 2391 1031 2452 corpora
1044 2391 1128 2434 nunc
1140 2391 1282 2434 crescere

199 2489 376 2563 videantur,
397 2507 482 2550 nunc
505 2489 622 2562 minui,
649 2489 771 2566 placuit
796 2488 995 2567 philosophis
1024 2506 1094 2549 eam
1120 2489 1282 2549 crescendi

200 2605 466 2682 decrescendique
489 2609 681 2684 potestatem
699 2622 717 2663 a
736 2605 868 2664 materia
889 2621 1049 2681 separare,
1072 2605 1160 2681 quasi
1178 2621 1235 2682 per
1249 2621 1282 2663 se

200 2720 385 2780 exsisteret:
400 2721 480 2781 hanc
498 2725 589 2780 inane
608 2719 860 2798 appellaverunt.
878 2719 1070 2779 Reducenda
1085 2720 1117 2778 in
1136 2719 1282 2778 intimam

199 2978 273 3028 inane
287 2990 342 3027 esse
357 2990 488 3038 negamus,
507 2976 619 3040 questio
637 2975 753 3034 exsistit,
774 2988 887 3040 quonam
901 2979 975 3039 pecto
993 2989 1035 3026 res
1055 2979 1152 3038 queant
1173 2975 1279 3032 moveri,

200 3066 301 3116 sublate
312 3066 461 3115 densatione
474 3067 500 3114 ct
514 3064 703 3114 extenuatione.
716 3065 828 3124 Etenim,
847 3064 869 3113 si
884 3063 948 3113 nihil
961 3063 1086 3114 densetur
1102 3067 1146 3114 aut
1160 3066 1282 3114 extenue-

201 3160 252 3216 tur,
269 3157 295 3204 fit
315 3158 343 3204 ut
358 3155 438 3204 motio
456 3155 495 3204 vel
509 3154 629 3213 minime,
645 3154 790 3218 proximam
809 3168 939 3218 quomque
960 3167 1013 3204 rem
1039 3154 1187 3204 continente
1206 3167 1283 3203 cursu

200 3245 331 3310 quatienS,
346 3247 485 3294 extremam
504 3243 561 3292 caeli
578 3246 677 3307 partem
694 3243 798 3292 tandem
816 3243 940 3306 impellat.
962 3243 1004 3292 Fit
1023 3256 1127 3306 quoque
1147 3246 1175 3291 ut
1196 3241 1284 3292 eadem·

201 3335 303 3382 maneat
314 3331 393 3382 moles
409 3345 483 3396 aquae
495 3333 522 3381 in
537 3345 621 3382 aerem
635 3331 763 3392 abeuntis,
781 3333 898 3395 aerisque
914 3331 941 3381 in
958 3344 1051 3395 equam
1074 3331 1199 3380 conversi.
1221 3333 1284 3387 Quae

202 3437 260 3472 cum
275 3422 311 3471 ita
324 3436 373 3470 uon
389 3421 453 3482 sint,
466 3423 640 3484 augeaturque
656 3418 795 3470 manifesto
810 3420 891 3470 moles
907 3433 982 3483 equae
995 3421 1022 3469 in
1037 3434 1121 3470 aerem
1136 3433 1282 3478 conversae,

202 3514 304 3574 oportet
317 3515 362 3560 eut
377 3510 470 3560 coelum
484 3513 629 3560 extremum
643 3512 771 3573 turgescat
787 3509 867 3572 [quod
882 3509 986 3559 videtur
1002 3522 1056 3558 esse
1072 3509 1178 3558 omnino
1196 3509 1284 3559 absur-

202 3600 283 3664 dum),
299 3603 353 3656 aut,
364 3613 486 3649 conversa
498 3613 565 3662 equa
577 3598 604 3648 in
615 3612 708 3658 aerem,
722 3601 887 3650 convertatur
901 3597 962 3647 alibi
973 3597 1079 3661 aequalis
1092 3597 1157 3647 aeris
1167 3598 1247 3648 moles
1258 3597 1286 3648 in

203 3703 296 3752 aquam
309 3707 314 3738 :
328 3688 376 3738 hoc
390 3692 476 3738 eutem
490 3701 542 3738 non
557 3700 656 3750 semper
666 3687 702 3746 iit,
718 3688 841 3750 quoniam
856 3701 907 3736 non
923 3686 1007 3736 omnis
1020 3689 1106 3736 motus
1121 3690 1162 3736 est
1176 3687 1286 3736 circula-

203 3778 249 3828 ris.
262 3777 335 3841 (Vide
343 3792 367 3841 p.
381 3779 429 3838 71.)
439 3779 478 3826 Ex
489 3790 541 3840 quo
551 3775 691 3838 colligitur,
705 3779 750 3825 aut
761 3776 902 3825 motionem
914 3775 1020 3824 omnino
1030 3789 1082 3824 uon
1092 3789 1156 3835 esse,
1171 3779 1217 3824 aut
1226 3776 1286 3826 den·

202 3866 254 3916 sari
269 3871 374 3930 corpora
386 3870 412 3916 et
423 3866 562 3915 extenuari.
578 3893 609 3901 —
625 3865 663 3916 Gi.
679 3869 719 3915 De
733 3865 808 3923 celo,
825 3866 868 3924 lli,
886 3867 908 3914 7.

235 3957 268 4020 (l)
287 3956 366 4019 Phys.
382 3958 425 4014 lv,
441 3958 496 4015 217,
509 3954 534 4013 h,
548 3961 561 4004 2
576 3956 675 4018 εῶσπερ
689 3970 716 4015 γε
727 3953 782 4004 οὐδ’
794 3957 810 4017 ἡ
823 3959 865 4002 τοῦ
879 3955 985 4018 μείζονος
996 3954 1087 4004 κύκλου
1099 3956 1234 4020 περιφέρεια
1243 3955 1284 4003 καὶ

203 4046 316 4108 κυρτότης
329 4046 371 4096 ἐὰν
385 4044 478 4106 γίνηται
494 4043 622 4101 ἐλάττονος
636 4043 735 4106 κύκλου,
749 4047 765 4103 ἡ
781 4044 839 4101 αὐτὴ
854 4043 945 4102 οὖσαῆ
962 4045 1028 4102 ἄλλη,
1044 4043 1068 4092 ἐν
1084 4043 1162 4092 οὐθενὶ
1175 4043 1286 4106 ἐγγέγονε

203 4137 232 4184 τὸ
246 4136 334 4200 κυρτὸν
349 4135 362 4184 ὃ
376 4135 405 4196 ἦν
422 4135 449 4183 οὺ
459 4133 544 4199 κυρτὸν
560 4133 613 4182 ἀλλ’
630 4134 693 4183 εὐθύ·
710 4134 738 4182 οὐ
752 4133 799 4198 γὰρ
812 4137 847 4195 τῷ
859 4131 987 4182 διαλείπειν
999 4133 1026 4182 τὸ
1037 4132 1135 4195 ἧττονῆ
1151 4133 1179 4182 τὸ
1195 4132 1284 4200 μᾶλλον

205 4239 279 4274 mill.
