3160 5054
578 501 622 552 DE
639 500 724 553 Loco
742 498 904 553 survs'nlur.

704 1043 781 1102 vrn.
861 1026 865 1035 “

480 1271 633 1347 Quomodo
647 1272 741 1333 nodos
753 1276 847 1354 possit
859 1271 1007 1350 ospodiro'.

240 1493 403 1578 Quomodo
421 1505 535 1566 caelum
553 1508 584 1565 et
601 1505 720 1564 mobile
735 1509 830 1582 queat
848 1503 912 1563 dici
929 1507 960 1564 et
979 1503 1161 1578 immobile,
1177 1521 1216 1565 ex
1230 1522 1281 1564 se-

201 1622 305 1683 cundo
317 1621 398 1682 libro
411 1624 455 1681 De
472 1621 554 1682 Coelo
567 1620 715 1698 colligere
728 1636 909 1698 possumus.
922 1619 1183 1680 Percontantibus
1197 1620 1282 1680 enim

200 1730 380 1796 carmelum
392 1733 558 1812 globosum
571 1732 622 1803 sit,
634 1731 806 1810 respondet
817 1731 1021 1793 Aristoteles:
1036 1756 1051 1786 ιι
1066 1732 1098 1792 Si
1110 1733 1285 1810 quamlibet

203 1875 217 1904 «
235 1850 331 1911 aliam
345 1851 479 1910 sormam
494 1849 570 1910 caelo
586 1847 848 1927 imposuerimus,
863 1848 970 1908 locum
984 1849 1121 1908 mutabit
1131 1847 1207 1909 dum
1222 1848 1284 1908 cir-

203 1989 217 2020 «
234 1965 453 2026 cumvolvetur
469 1961 477 2000 ⁴
496 1987 524 2022 ».
547 1963 665 2023 Eadenr
681 1962 713 2022 in
726 1966 837 2022 octavo
851 1962 1057 2040 Physicorum
1078 1963 1117 2023 de
1142 1964 1284 2043 proprie-

201 2081 319 2140 tatibus
343 2079 474 2158 sphaerae
493 2079 621 2138 disserit
643 2096 650 2137 :
677 2101 691 2132 «
721 2079 757 2136 Et
780 2081 926 2138 movetur
945 2083 977 2138 et
999 2079 1134 2156 quiescit
1152 2079 1281 2157 globus,

204 2218 218 2251 a
236 2195 388 2273 quoniam
406 2194 529 2254 obtinet
544 2192 682 2253 eundern
705 2193 812 2253 locum
827 2190 839 2228 ²
856 2217 882 2252 ι).
900 2193 990 2254 Haud
1014 2193 1193 2255 absimilem
1214 2211 1283 2255 sen-

201 2311 333 2371 tentiam
347 2309 395 2368 his
410 2309 515 2369 verbis
530 2308 691 2369 concludit
707 2325 714 2367 :
731 2331 746 2362 ιι
764 2309 910 2388 Corporis
925 2308 1011 2386 quod
1026 2309 1285 2371 circumvolvitur

204 2449 217 2480 ι
235 2425 322 2485 idem
341 2429 389 2484 est
407 2424 494 2484 locus
523 2424 555 2487 in
571 2441 633 2500 quo
657 2422 778 2499 incepit
800 2428 831 2482 ot
852 2423 884 2482 in
906 2441 967 2500 quo
991 2422 1107 2483 desinit
1125 2422 1137 2458 ³
1160 2449 1187 2484 ι).
1207 2427 1284 2484 Nus·

202 2558 299 2618 quam
317 2557 392 2602 vero
413 2539 543 2610 clariuS,
564 2555 721 2616 nusquam
742 2537 918 2615 elegantius
937 2555 1006 2598 rem
1025 2539 1164 2617 aperuit,
1189 2557 1284 2617 quam

202 2655 235 2714 in
259 2655 362 2734 primo
387 2671 443 2715 suo
464 2655 508 2714 De
533 2653 740 2714 Generatione
762 2656 793 2712 et
813 2653 1037 2731 corruptione,
1064 2671 1137 2714 cum
1157 2655 1286 2733 scripsit

133 2831 136 2838 A
204 2794 218 2824 ι
233 2770 364 2849 sphaerae
376 2769 507 2847 quidem
520 2772 624 2848 partes
636 2771 757 2828 mutare
770 2767 887 2842 locum,
901 2767 1057 2846 sphaeram
1067 2773 1173 2830 autem
1184 2773 1285 2830 totam

205 2909 219 2940 «
234 2886 267 2945 in
277 2887 346 2946 loeo
362 2884 477 2962 aequali
489 2901 617 2944 manere
631 2883 643 2921 ⁴
656 2907 684 2942 ».
1104 2875 1106 2877 ’

243 3001 372 3061 Exsistit
392 3005 498 3060 tamen
520 3000 664 3078 quaesti0,
684 3017 823 3078 quanam
846 2999 933 3060 verbi
955 2999 1183 3078 significatione
1203 3001 1286 3062 dica·

203 3133 274 3176 mus
288 3116 424 3177 eundem
436 3115 541 3176 locum
557 3115 679 3192 sphoera
693 3115 833 3174 retineri.
855 3115 985 3194 Negavit
1000 3115 1086 3176 enim
1100 3117 1285 3178 Aristoteles

203 3232 307 3292 locum
322 3249 390 3292 esse
406 3230 608 3290 intervallum
619 3231 701 3290 inter
715 3229 868 3290 terminos
882 3231 930 3290 rei
944 3231 1054 3291 locatae
1069 3232 1283 3310 interjectum.

204 3348 292 3406 Nunc
306 3350 427 3418 autem,
444 3345 520 3406 dum
542 3345 680 3405 eundem
702 3361 829 3423 semper
848 3345 953 3406 locum
972 3346 1049 3406 dicit
1069 3346 1192 3424 sphaera
1206 3315 1287 3408 obti-

234 3523 268 3585 (1)
280 3527 319 3572 Dc
332 3523 413 3583 arlo,
427 3523 460 3579 ll,
474 3524 528 3584 287,
544 3534 567 3581 a,
583 3525 609 3570 11
625 3539 631 3571 ε
648 3520 683 3571 ἔτι
697 3521 721 3570 δὲ
737 3522 787 3571 ἐπεὶ
802 3521 911 3584 φαίνεται
927 3524 968 3570 καὶ
983 3525 1108 3573 ὑπόκειται
1126 3523 1209 3587 κύκλῳ
1223 3541 1285 3587 περι-

204 3613 314 3675 φέρεσθαι
330 3613 358 3661 τδ
373 3615 429 3670 πᾶν,
446 3612 566 3660 δέδεικται
579 3609 641 3660 δ”ότι
652 3617 694 3670 τῆς
708 3611 811 3677 ἐσχάτης
823 3617 950 3676 περιφορᾶς
967 3612 1023 3661 οὔτε
1041 3612 1109 3662 κενόν
1124 3612 1187 3662 ἐστιν
1201 3613 1286 3668 ἔξωθεν

205 3701 261 3749 οὔτε
273 3703 356 3758 τόπος,
372 3699 467 3763 ἀνάγκη
478 3701 518 3748 καὶ
534 3700 573 3748 διὰ
586 3704 664 3748 ταῦτα
678 3701 818 3762 σφαιροειδῆ
833 3699 894 3748 εἶναι
909 3700 989 3750 αὐτόν.

236 3787 268 3852 (2)
284 3789 366 3852 Phys.
382 3789 448 3851 Vlll,
463 3791 518 3850 265,
532 3787 556 3847 b,
573 3793 583 3838 1
601 3806 607 3837 ι
623 3789 660 3837 διὸ
674 3792 776 3837 κινεῖται
789 3789 831 3837 καὶ
845 3790 932 3852 ἠρεμεῖ
945 3807 997 3845 πως
1010 3793 1025 3849 ἡ
1040 3794 1140 3854 σφαῖρα·
1156 3793 1196 3840 τὸν
1211 3793 1285 3841 αὐτὸν

203 3878 248 3941 γὰρ
261 3879 360 3942 κατέχει
373 3879 460 3927 τόπον.
910 3889 912 3893 “

236 3965 268 4029 (3]
283 3969 323 4016 Dc
338 3967 416 4024 culo,
433 3968 453 4025 l,
467 3969 521 4024 279,
533 3964 558 4027 b,
574 3969 588 4014 3
603 3981 609 4014 :
624 3970 669 4015 τοῦ
681 3966 705 4015 δὲ
719 3966 800 4031 κύκλῳ
814 3967 929 4030 σώματος
942 3969 955 4016 ὁ
968 3968 1039 4025 αὐτὸς
1049 3967 1123 4025 τόπος
1136 3970 1188 4019 ὅθεν
1200 3971 1286 4033 ἧρξατιι

203 4057 244 4104 καὶ
258 4058 290 4111 εἰς
304 4056 450 4128 baptisavit.
1145 4061 1149 4072 ‘

235 4144 267 4206 (l)
280 4147 319 4194 Dc
335 4146 460 4194 (iusserat.
477 4147 502 4194 ct
517 4145 660 4207 corrupt,
678 4147 702 4204 Ι,
719 4147 778 4203 320,
792 4158 819 4208 a,
836 4150 865 4194 22
883 4163 888 4194 :
901 4147 931 4194 τὰ
944 4147 986 4209 μὲν
996 4147 1040 4210 γὰρ
1052 4146 1142 4212 (μόρια)
1151 4149 1176 4198 ἐν
1187 4155 1221 4211 τῷ
1234 4150 1284 4215 ῑσῳ

204 4233 273 4298 τόπῳ
289 4232 431 4298 μεταὸάλ).ει
443 4237 484 4282 τοῦ
499 4235 555 4283 ὅλου
570 4235 688 4295 μένοντος.
