3160 5054
565 535 608 584 DE
625 533 712 584 Luco
730 533 893 584 SENSERlT.
1238 539 1268 584 29

229 679 366 757 Corpora
393 695 463 739 cum
493 677 587 738 certis
603 678 655 738 rde
679 677 780 739 causis
810 680 997 738 moveantur
1011 681 1073 737 aut
1096 677 1272 754 quiescant,

189 794 281 854 inane
293 797 398 854 autem
414 792 536 854 nullam
547 793 740 871 qualitatem·
750 793 1001 854 differentiamve
1018 792 1131 853 habeat
1141 797 1283 872 propter-

190 926 284 986 quam
298 907 358 970 hoo
370 927 475 987 supra,
490 909 569 970 illud
582 909 664 969 infra
676 909 709 969 in
721 926 758 969 eo
770 909 901 982 dicatur,
915 926 1041 969 causam
1054 926 1117 969 non
1129 909 1271 969 invenies

189 1041 244 1085 cur
258 1033 372 1102 corpus
387 1024 420 1085 in
434 1042 532 1085 vacuo
545 1024 686 1103 positum
698 1024 759 1085 huc
773 1023 878 1102 potius
894 1041 988 1102 quam
1000 1024 1075 1085 illuc
1090 1024 1173 1084 ineo
1188 1023 1271 1084 lera-

190 1145 250 1220 tur,
271 1140 321 1201 vel
348 1139 443 1201 etiam
459 1157 514 1201 cur
539 1138 591 1200 hie
605 1139 711 1218 potius
727 1157 822 1217 quam
844 1139 910 1200 illic
928 1138 1019 1199 malit
1041 1139 1214 1218 quiescere.
1236 1140 1271 1200 ln

189 1254 274 1315 inani
297 1255 393 1333 igitur
421 1271 553 1333 corpora
576 1271 634 1315 nec
656 1253 830 1316 consistere
852 1257 992 1333 possent,
1022 1271 1081 1315 nec
1102 1255 1224 1315 moveri
1245 1252 1267 1314 ⁴.

190 1369 360 1448 Perspicua
380 1369 448 1432 haec
472 1370 563 1443 tient,
584 1369 611 1429 si
631 1368 847 1430 Aristoteliam
870 1369 909 1430 de
931 1369 1072 1430 motione
1095 1369 1271 1431 doctrinam

190 1485 474 1564 recognoverimus.
490 1485 658 1547 Constituit
672 1484 857 1546 Aristoteles
871 1485 992 1557 omnia,
1007 1503 1077 1564 quae
1093 1489 1269 1561 moventur,

190 1601 285 1662 autri
301 1601 423 1662 moveri
437 1605 493 1662 aut
510 1605 631 1662 natura.
650 1601 723 1672 Quae
739 1604 851 1662 natura
864 1604 1060 1672 moveantur,
1079 1617 1115 1661 ea
1129 1601 1180 1661 vel
1195 1601 1272 1662 levi-

190 1721 252 1778 tate
276 1735 404 1779 sursum
425 1718 475 1778 vel
498 1718 651 1797 gravitate
676 1718 826 1779 deorsum
849 1717 940 1793 serri;
964 1718 1140 1779 motionem
1166 1722 1273 1780 autem

189 1833 279 1894 illam
296 1833 439 1906 vicieri,
461 1851 531 1912 quae
552 1852 589 1894 ex
612 1835 705 1912 pulsu
728 1835 848 1897 oriatur
871 1833 985 1894 alieno.
1008 1833 1154 1896 llotionis
1176 1833 1273 1914 igitur

189 1965 304 2027 genera
317 1967 389 2011 cum
403 1950 586 2011 Aristoteles
603 1951 774 2012 constituat
788 1950 865 2022 du0,
882 1949 1023 2028 primum
1037 1967 1107 2010 earn
1124 1949 1271 2011 couside-

190 2082 310 2139 remus,
326 2083 396 2143 quae
409 2065 584 2127 secundum
596 2069 741 2130 naturam
755 2067 799 2126 fit.

230 2181 403 2242 Elementis
424 2181 534 2256 variiS,
554 2183 702 2260 equibus
723 2186 846 2242 constat.
868 2183 1068 2258 universum,
1087 2183 1271 2244 Aristoteles

190 2301 310 2358 certum
325 2297 553 2376 definitumque
569 2297 714 2358 ordinem
726 2297 909 2376 assignavit,
924 2316 987 2359 non
1002 2316 1018 2359 e
1034 2316 1108 2360 casu
1124 2299 1269 2372 fortuito,

189 2413 245 2474 sed
256 2431 293 2474 ex
304 2413 373 2492 ipsa
387 2425 494 2474 rerum
507 2417 617 2475 natura
627 2417 742 2474 ortum.
761 2414 834 2485 Quae
849 2431 925 2475 cum
933 2415 977 2474 ita
987 2415 1059 2488 sint,
1074 2415 1271 2493 habeantque

191 2547 283 2591 suurn
296 2530 403 2590 locum
415 2530 447 2589 in
457 2530 577 2590 mundo
591 2530 750 2592 elementa
761 2530 842 2591 siout
857 2529 1031 2590 inanimali
1045 2535 1163 2610 partes,
1180 2549 1272 2610 opor-

189 2649 235 2706 tet
249 2645 288 2706 ad
303 2646 466 2724 regionem
485 2651 577 2706 terrae
594 2649 691 2720 terra,
707 2645 747 2706 ad
768 2664 840 2706 aera
855 2663 919 2720 aer,
933 2646 1019 2708 nulla
1036 2647 1067 2706 vi
1086 2647 1272 2724 impellente

191 2766 244 2822 aut
255 2761 445 2836 attrahente,
459 2762 609 2823 interiore
621 2761 760 2839 quodam
772 2761 930 2823 desiderio
941 2762 1091 2823 serantur.
1106 2762 1154 2822 Ad
1167 2763 1272 2824 locum

190 2877 286 2956 igitur
298 2877 463 2957 proprium
477 2879 564 2939 velut
575 2878 615 2939 ad
630 2878 847 2956 peractionem¹
860 2878 970 2938 formae
985 2896 1049 2940 suae
1065 2879 1270 2950 contendunt,

191 2993 280 3070 quasi
301 2993 434 3054 diversae
456 2993 567 3054 mundi
589 2993 734 3071 regiones
757 2993 888 3056 diversis
915 2994 1115 3069 muneribuS,
1139 2994 1273 3056 diversis

191 3126 315 3186 quoque
334 3109 538 3187 qualitatihus
554 3108 796 3188 distinguantur.
818 3110 857 3170 nt
878 3127 952 3170 vero
970 3109 1055 3171 nulla
1070 3113 1118 3171 est
1140 3110 1172 3170 in
1187 3111 1273 3170 inani

192 3225 339 3302 qualitas,
360 3225 465 3286 nullus
488 3226 521 3285 in
541 3225 666 3286 infinito
689 3225 857 3300 terminuS,
881 3225 995 3304 quibus
1016 3225 1104 3304 regio
1126 3226 1187 3287 ulla
1212 3226 1273 3286 cir-

192 3341 422 3401 cumscribatur
443 3345 496 3401 aut
519 3341 698 3402 deliniatur.
720 3342 754 3401 lu
769 3330 869 3402 inani
896 3341 992 3420 igitur
1018 3359 1149 3420 corpora
1170 3358 1273 3420 neque

191 3455 252 3517 huc
277 3457 383 3534 potius
407 3474 503 3534 quam
526 3456 603 3517 illue
626 3461 738 3517 natura
760 3474 794 3518 se
816 3455 950 3530 terrent,
972 3474 1076 3535 neque
1096 3456 1148 3518 hic
1168 3457 1274 3536 potius

192 3589 287 3649 quarn
311 3571 377 3632 illic
404 3577 516 3633 natura
545 3572 765 3633 consisterent.
797 3573 874 3633 Cum
906 3590 981 3634 vero
1012 3576 1148 3651 nequeat
1176 3589 1275 3634 unum

191 3687 338 3766 idemque
358 3706 472 3768 corpus
493 3705 730 3766 quoquoversus
751 3687 845 3749 simul
867 3687 954 3763 ferri,
973 3692 1026 3750 aut
1048 3689 1165 3767 ubique
1181 3688 1275 3750 simul

192 3804 380 3876 consistere,
403 3804 483 3864 nihil
505 3808 613 3865 autem
634 3803 749 3864 habeat
773 3821 831 3864 cur
860 3803 1037 3864 motionem
1058 3809 1113 3864 aut
1135 3805 1275 3882 quietern

193 3919 289 3980 ullam
311 3921 422 3999 eligat,
443 3920 588 3999 sequitur
606 3921 782 3981 necessario
802 3923 837 3981 ut
856 3920 887 3979 in
911 3921 1014 3998 spatio
1037 3921 1121 3981 inani
1143 3938 1276 4000 corpora

193 4091 265 4153 χωρὶς
288 4091 389 4149 τιθῆται,
415 4089 459 4140 οὐκ
480 4089 548 4138 ἔσται
570 4089 595 4138 ἐν
617 4089 685 4152 τόπῳ
708 4088 761 4138 ἀλλ’
779 4089 804 4138 ἐν
829 4093 864 4154 τῷ
884 4089 941 4153 ὅλῳ.
967 4088 1059 4153 (Pitye.
1082 4089 1129 4148 lv,
1158 4092 1217 4148 214,
1242 4087 1272 4149 b,

193 4178 241 4240 24).
256 4177 313 4228 Vid.
326 4193 350 4243 p.
367 4183 404 4228 45.

224 4267 257 4332 (t)
271 4266 310 4318 Gt.
324 4265 443 4318 uelbnitii
452 4266 484 4317 ad
498 4266 629 4317 Glarkium
640 4280 678 4330 ep.
694 4268 742 4324 111,
756 4271 779 4315 5.
797 4265 892 4328 (llrdm.
910 4269 968 4326 752,
983 4267 1017 4328 a.)
