3160 5054
692 511 771 567 QUID
787 509 999 561 ARISTOTELES

302 654 390 715 nullo
405 653 501 714 modo
513 657 631 732 posset,
644 653 670 712 si
685 653 774 713 locus
788 670 862 713 cum
874 654 968 714 rebus
981 653 1111 714 inclusis
1129 654 1383 716 confunderetur.

302 768 615 848 Argumentationem
639 785 726 841 eam,
755 767 894 828 crebrius
924 769 962 828 ab
992 769 1158 830 Aristotele
1188 774 1384 850 usurpatam,

302 886 466 964 intelleges
480 885 625 959 omnino,
638 884 665 944 si
684 901 797 962 aquam
816 884 1065 945 consideraveris
1081 885 1198 946 invase
1213 885 1384 946 inclusam:

302 1001 463 1079 quaedum
482 999 600 1060 ibidem
615 1002 736 1071 manet,
752 1017 790 1060 eo
804 1000 901 1060 modo
915 1017 986 1061 cum
1005 1017 1078 1060 vase
1090 1000 1216 1062 videtur
1231 1001 1386 1062 cohaeres-

302 1133 389 1188 cere,
405 1119 439 1176 ut
459 1132 563 1176 evase
579 1118 610 1176 et
625 1133 707 1193 aqua
720 1114 856 1175 solidum
875 1115 998 1194 aliquid
1014 1115 1082 1176 lieri
1098 1133 1191 1194 posse
1212 1116 1383 1177 existimes.

301 1230 497 1292 Succedente
519 1235 625 1291 autem
646 1248 717 1291 aere
738 1231 770 1290 in
791 1231 891 1290 vicem
915 1248 1020 1308 aquae,
1039 1248 1113 1292 cum
1130 1235 1267 1308 nequeat
1287 1249 1341 1292 vas
1357 1236 1388 1292 et

302 1364 375 1407 cum
394 1363 474 1423 aqua
493 1349 524 1406 et
539 1317 612 1407 cum
633 1363 705 1406 aere
721 1345 887 1422 conlundi,
906 1363 1035 1406 necesse
1052 1351 1100 1407 est
1117 1347 1155 1406 ab
1170 1351 1305 1424 utroque
1320 1346 1387 1407 dis-

301 1462 472 1540 tinguatur.
490 1462 587 1522 —At
604 1461 700 1534 enim,
719 1461 803 1522 dicet
819 1461 949 1538 aliquis,
969 1461 1048 1522 illud
1067 1463 1117 1522 vel
1137 1462 1273 1522 maxime
1290 1462 1388 1522 ambi·

301 1577 395 1656 gitur,
409 1577 537 1638 locusne
551 1580 644 1654 queat
659 1594 731 1637 cum
744 1594 817 1637 vase
830 1580 885 1637 aut
897 1575 957 1636 alia
970 1576 1034 1637 ulla
1046 1594 1079 1637 re
1097 1595 1154 1656 per
1169 1595 1201 1637 se
1218 1577 1387 1638 exsistente

301 1691 488 1772 comparari.
507 1692 694 1752 Aristoteles
711 1696 832 1765 autem,
850 1709 923 1752 cum
939 1693 1174 1771 comparatione
1188 1710 1224 1752 ea
1237 1697 1387 1770 tanquam

301 1807 422 1868 ratione
438 1807 546 1879 utitur,
561 1824 665 1867 nonne
676 1808 813 1886 graviter
825 1807 864 1868 de
876 1807 933 1868 lite
944 1807 1200 1887 praejudicat‘l—
1211 1809 1388 1868 incurreret

301 1923 432 2000 quidem
446 1923 479 1982 in
498 1923 558 1982 hoc
574 1923 693 1983 crimen
708 1923 910 1995 AristoteleS,
928 1923 955 1982 si
970 1941 1096 1984 causam
1116 1940 1204 1984 suam
1218 1923 1284 2001 J'am
1299 1923 1386 1983 dice-

302 2042 359 2098 ret.
377 2041 466 2098 Nunc
480 2055 553 2098 vero
568 2037 647 2098 nihil
662 2037 747 2098 aliud
768 2038 833 2116 agit
847 2038 910 2098 nisi
930 2041 1046 2098 testem
1065 2039 1141 2098 citat
1156 2055 1284 2098 sensum
1300 2055 1386 2098 com-

302 2171 445 2227 munem,
463 2153 518 2231 qui
537 2153 797 2232 quotiescumque
817 2171 924 2214 aerem
940 2171 977 2214 eo
998 2154 1166 2214 succedere
1182 2153 1318 2214 declarat
1332 2153 1387 2213 ubi

302 2273 368 2330 erat
387 2287 484 2346 aqua,
505 2269 555 2328 his
569 2268 645 2348 ipsis
665 2269 769 2329 verbis
792 2269 949 2348 significat
969 2269 1128 2347 quandam
1144 2286 1212 2330 esse
1233 2269 1293 2329 loci
1315 2286 1388 2329 cum

301 2402 375 2445 vase
391 2384 644 2444 similitudinem.

342 2499 432 2559 Haud
459 2498 599 2559 absimili
622 2499 718 2560 modo
743 2504 964 2578 argumentum
988 2499 1067 2560 illud
1095 2500 1386 2578 interpretabimur,

303 2614 388 2692 quod
408 2632 424 2675 e
442 2615 585 2676 motione
599 2615 789 2676 naturalium
810 2615 1067 2694 simpliciumque
1086 2632 1253 2694 corporum
1269 2615 1388 2675 Aristo-

303 2731 381 2790 teles
397 2730 496 2791 ducit.
518 2753 532 2785 «
554 2731 634 2791 Cum
650 2730 741 2808 ignea
758 2731 790 2789 in
806 2731 956 2802 sublime,
977 2735 1104 2791 terrena
1119 2729 1283 2798 deorsum,
1300 2730 1388 2790 nulla

305 2868 319 2900 «
335 2863 369 2906 re
381 2845 587 2923 impediente,
600 2844 802 2916 contendant,
816 2846 851 2905 lit
861 2845 1040 2906 necessario
1053 2848 1088 2906 ut
1102 2846 1191 2906 locus
1204 2862 1268 2904 non
1283 2845 1388 2906 solum

305 2983 320 3015 «
337 2977 406 3021 esse
424 2959 558 3038 aliquid,
582 2959 637 3020 sed
654 2961 720 3020 vim
737 2977 862 3038 quoque
878 2961 1019 3038 aliquam
1037 2960 1181 3020 videatur
1193 2957 1343 3021 habere⁴.
1372 2984 1387 3016 »

304 3077 344 3137 At
364 3093 455 3154 vern,
474 3079 506 3136 et
525 3079 670 3156 excerpat
684 3076 868 3136 Aristoteles
883 3076 990 3136 locum
1005 3094 1021 3135 e
1038 3093 1204 3137 causarum
1216 3093 1350 3136 numero
1361 3073 1387 3148 ²,

305 3195 336 3254 et
359 3191 514 3252 rationem
537 3191 631 3268 paulo
648 3191 728 3250 infra
749 3190 862 3251 reddet
880 3190 1147 3268 quemadmodum
1168 3191 1257 3251 nulla
1272 3191 1304 3251 vi
1326 3190 1388 3250 im-

305 3308 396 3386 pulsa
419 3310 475 3368 aut
499 3309 630 3368 attracta
652 3307 805 3366 elementa
828 3306 868 3366 ad
894 3307 1060 3385 proprium
1086 3307 1192 3367 locum
1211 3305 1385 3366 feranturi.

305 3519 383 3567 δοκεῖ·
400 3520 423 3566 ἐν
439 3516 457 3584 ᾧ
472 3518 518 3583 γὰρ
529 3519 575 3584 ἀήρ
589 3519 641 3568 ἐστι
653 3523 708 3578 νῦν,
723 3520 789 3582 ὕδωρ
800 3521 825 3568 ἐν
836 3519 916 3582 τούτῳ
931 3519 1046 3584 πρότερον
1061 3519 1104 3580 ἦν,
1119 3521 1185 3568 ὥστε
1201 3519 1271 3578 δῆλον
1287 3521 1319 3574 ὡς
1333 3517 1390 3578 qud

306 3607 380 3662 τόπος
390 3625 412 3655 τι
425 3609 467 3656 καὶ
480 3609 495 3665 ἡ
509 3609 578 3670 χώρα
594 3608 677 3672 ἕτερον
690 3609 791 3671 ἀμφοῖν,
808 3609 841 3662 εἰς
852 3610 880 3667 ἢν
894 3609 935 3656 καὶ
948 3609 1010 3670 ἑξῆς
1024 3608 1160 3670 μετέόαλον.

336 3695 369 3758 (1)
387 3695 466 3757 Phys.
483 3697 530 3755 lv,
547 3702 605 3756 208,
621 3695 649 3756 b,
664 3701 677 3746 8
693 3715 698 3744 ε
714 3697 785 3746 ἔτιδὲ
802 3701 826 3746 αἱ
841 3698 912 3762 φοραὶ
926 3702 974 3746 τῶν
987 3699 1096 3758 φυσικῶν
1106 3697 1226 3760 σωμάτων
1239 3697 1281 3745 καὶ
1291 3697 1390 3756 ἁπλῶν,

305 3785 356 3834 οἷον
373 3785 446 3849 πυρός
462 3786 504 3834 καὶ
520 3792 563 3846 γῆς
580 3787 622 3834 καὶ
640 3787 690 3835 τῶν
705 3787 836 3848 τοιούτων,
850 3787 879 3836 οὐ
897 3785 970 3850 μόνον
987 3787 1101 3846 δηλοῦσιν
1119 3787 1157 3835 δτι
1172 3785 1223 3835 ἔστι
1239 3786 1288 3833 τιό
1302 3783 1388 3843 τόπος,

305 3872 358 3922 ἀλλ’
375 3873 412 3921 ότι
428 3875 470 3923 καὶ
489 3873 539 3938 ἔχει
554 3874 610 3923 τινὰ
626 3875 735 3938 δύναμιν.
754 3877 857 3938 Φέρεται
873 3875 918 3938 γὰρ
933 3876 1038 3924 ἕκαστον
1059 3876 1091 3932 εἰς
1109 3876 1150 3924 τόν
1172 3877 1248 3923 αὑτοῦ
1265 3873 1339 3922 τόπον
1356 3875 1389 3936 μὴ

304 3963 469 4025 κωλυόμενον,
484 3964 513 4012 τό
526 3963 569 4026 μὲν
582 3965 633 4013 ἅνω
647 3964 673 4013 τό
686 3964 712 4012 δὲ
728 3963 805 4013 κάτω·
819 3968 898 4013 ταῦτα
909 3963 986 4014 δ’ἐστὶ
1000 3963 1078 4012 τόπου
1093 3965 1155 4028 μέρη
1170 3965 1211 4012 καὶ
1223 3963 1284 4022 εἴδη,
1297 3962 1324 4010 τὸ
1337 3961 1389 4010 ἄνω

336 4139 369 4202 (2)
389 4139 467 4202 rbus.
480 4142 527 4199 lv,
546 4145 604 4200 roa,
622 4156 648 4199 a,
663 4148 701 4192 ao.

335 4229 368 4292 (3)
383 4227 463 4292 Phys.
478 4231 525 4288 lv,
541 4235 599 4290 215,
616 4245 638 4280 a.
