3160 5054
559 553 602 601 DE
619 551 704 601 Loco
720 551 883 601 surisuulr.
1234 558 1260 603 11

179 697 315 776 praebet,
339 695 538 756 latitudinem
565 699 595 756 et
616 692 851 756 altitudinem.
867 729 903 738 -
929 696 1085 774 Corporca
1105 698 1262 760 elementa

181 829 254 873 cum
272 810 457 872 Aristoteles
477 810 569 886 dicit,
592 811 812 890 intellegamus
832 814 958 890 oportet
978 815 1110 886 terram,
1130 830 1261 891 aquam,

181 945 265 1000 aera,
278 927 383 1004 ignem
396 930 427 986 et
440 925 566 988 aethera.
580 928 766 1005 Incorporea
779 930 896 1001 autem,
911 930 946 988 ut
957 927 1133 1007 Philopono
1147 929 1261 1007 placet,

183 1043 339 1103 elementa
362 1059 400 1102 ex
427 1041 541 1120 quibus
566 1041 744 1120 syllogismi
770 1045 825 1102 aut
848 1043 958 1121 verba,
985 1044 1122 1121 exempli
1148 1043 1262 1122 gratia,

181 1161 338 1230 constant,
355 1161 390 1217 ut
405 1157 636 1218 enuntiationes
658 1161 689 1218 et
708 1159 836 1236 syllabae
848 1155 871 1217 ².
890 1157 1031 1228 Quorum
1054 1163 1202 1220 neutrum
1225 1159 1263 1220 de

181 1275 250 1334 loco
261 1273 323 1334 dici
337 1289 429 1352 posse
443 1273 518 1334 satis
531 1277 670 1351 apparet.
687 1275 790 1334 Movet
800 1277 904 1334 tamen
918 1274 1125 1352 quaestionem
1139 1273 1266 1352 Simpli-

182 1389 266 1462 cius,
282 1406 338 1449 cur
350 1405 500 1468 corporea
512 1387 692 1450 necessario
708 1387 898 1450 invenienda
915 1389 948 1449 in
963 1407 1093 1468 corpore
1109 1389 1265 1450 elementa

182 1504 367 1565 Aristoteles
381 1508 486 1583 putet,
503 1522 592 1579 cum,
608 1508 737 1565 auctora
753 1505 866 1565 eodem
879 1505 1062 1576 Aristotele,
1081 1511 1118 1566 ex
1131 1505 1265 1566 materia

180 1625 211 1680 et
226 1620 340 1692 forma,
359 1621 543 1698 incorporea
556 1625 700 1698 utraque,
714 1637 827 1700 corpus
842 1620 1091 1698 unumquodque
1106 1618 1261 1681 constet³.

182 1736 273 1810 Quid,
289 1736 315 1795 si
329 1736 460 1796 materia
473 1740 527 1796 aut
543 1736 644 1796 forma
658 1736 748 1796 locus
763 1736 819 1811 sit,
834 1735 1055 1814 incorporeum
1069 1737 1179 1814 utique
1194 1753 1264 1796 cor-

181 1851 268 1929 poris
305 1851 518 1912 elementum?
544 1852 702 1912 Habemus
734 1852 773 1911 ad
805 1869 939 1924 manum
961 1851 1215 1930 responsionem,
1247 1869 1265 1910 a

183 1967 346 2045 Simplicio
370 1967 440 2046 ipso
463 1965 603 2027 natant.
630 1967 755 2028 Omittit
777 1967 929 2028 nimirum
953 1967 1139 2028 Aristoteles
1163 1969 1263 2026 mate-

181 2082 261 2141 riam
277 2085 308 2142 et
321 2083 465 2156 sormam,
483 2081 642 2160 copiosius
658 2082 696 2143 de
712 2085 845 2160 utraque
860 2099 894 2143 re
909 2082 1060 2162 deinceps
1075 2081 1237 2143 locuturus
1255 2098 1262 2141 :

181 2215 265 2258 nunc
281 2198 319 2258 de
336 2199 449 2258 ceteris
464 2198 630 2259 clementis
645 2199 760 2276 agitur.

223 2315 327 2374 Tertia
347 2314 471 2375 exsistit
491 2314 641 2392 quaesti0,
663 2331 740 2376 num
759 2313 842 2375 inter
861 2331 968 2374 causas
990 2314 1078 2374 locus
1098 2313 1265 2392 ponendus

147 2484 149 2491 .
182 2429 257 2489 sit⁵.
282 2430 432 2501 Quattuor
454 2429 604 2491 videlicet
625 2447 735 2490 causas
759 2429 944 2490 Aristoteles
969 2429 1148 2501 constituit,
1172 2428 1205 2489 id
1228 2445 1265 2488 ex

182 2562 259 2623 quo,
277 2546 310 2606 id
323 2564 397 2624 quo,
416 2545 448 2605 id
464 2563 481 2604 a
496 2563 575 2624 quo,
593 2546 625 2606 id
639 2549 768 2624 propter
781 2545 881 2622 quod;
898 2545 950 2606 vel
965 2546 1086 2624 potius,
1101 2548 1136 2605 ut
1150 2544 1264 2604 usitata

211 2758 244 2822 (1)
260 2758 342 2822 Phys.
359 2760 401 2819 iv,
412 2761 466 2820 209,
478 2771 501 2820 a,
515 2763 542 2806 13
560 2775 565 2806 :
580 2757 603 2806 τί
617 2759 663 2823 γάρ
680 2759 709 2807 ἄν
723 2775 782 2808 ποτε
795 2758 836 2806 καὶ
852 2757 948 2818 θείημεν
966 2757 1030 2804 εἶναι
1045 2756 1087 2804 τὸν
1102 2757 1195 2815 τόπον;
1209 2754 1264 2803 οὔτε

182 2846 227 2912 γὰρ
240 2851 361 2912 στοιχεῖον
380 2846 464 2896 οὔτ’ἐκ
484 2846 612 2910 στοιχείων
633 2847 685 2896 οἰόν
700 2845 788 2896 τέίναι
800 2846 842 2894 τὸν
859 2845 932 2894 τόπον
949 2847 1064 2902 τοιαύτην
1081 2844 1169 2908 ἔχοντα
1184 2845 1265 2907 φύσιν,

183 2937 241 2985 οὔτε
251 2942 300 2985 τῶν
316 2937 466 2998 σωματικῶν
476 2936 531 2985 οὔτε
544 2941 594 2984 τῶν
609 2935 758 2998 ἀσωμάτων·
776 2936 873 2998 μέγεθος
889 2934 931 2997 μὲν
944 2934 989 2998 γάρ
1000 2934 1059 2996 ἔχει,
1073 2938 1145 2995 σῶμα
1157 2931 1265 2982 δὀὐδέν·

184 3025 237 3074 ἰστι
255 3025 280 3074 δὲ
301 3025 332 3074 τὰ
352 3025 394 3088 μὲν
412 3030 461 3073 τῶν
476 3025 595 3082 αἰσθητῶν
618 3023 740 3085 σωμάτων
757 3028 871 3086 στοιχεῖα
887 3025 1001 3085 σώματα,
1020 3022 1087 3071 ἐκδὲ
1105 3039 1153 3070 των
1173 3021 1267 3080 νοητῶν

183 3114 250 3164 οὐδὲν
262 3115 351 3178 γίνεται
367 3115 473 3176 μέγεθος.
673 3099 675 3104 ’

215 3204 248 3264 (2)
263 3202 362 3267 Philop.
378 3204 408 3251 in
423 3203 521 3265 rapa,
535 3201 575 3251 ed.
588 3199 690 3260 Vitelli,
706 3213 728 3262 p.
745 3205 800 3255 5⁰8,
815 3199 832 3249 1.
851 3205 878 3248 10
893 3212 949 3263 sqq.
968 3217 973 3249 :
990 3205 1039 3248 τῶν
1055 3200 1102 3263 γὰρ
1115 3199 1210 3257 νοητῶν
1223 3199 1266 3247 καὶ

183 3292 214 3340 τά
226 3297 338 3356 στοιχεῖα
350 3291 427 3351 νοητά
441 3293 493 3341 ἐστι
510 3291 629 3356 (τῶνγὰρ
648 3292 817 3353 συλλογισμῶν
830 3293 942 3354 στοιχεῖα
957 3292 981 3337 αἱ
997 3289 1140 3350 προτάσεις,
1155 3288 1196 3336 καί
1213 3286 1265 3336 τοὺ-

184 3397 233 3430 των
248 3384 273 3429 αἱ
288 3382 420 3443 cartaceo,
438 3380 514 3440 νοητά
528 3381 555 3429 δὲ
572 3377 662 3442 ἄμφω).

215 3470 248 3533 (3)
264 3469 409 3533 Simplicius
423 3470 452 3519 ιἰι
467 3469 560 3532 Phys,
571 3467 611 3518 ed.
624 3467 704 3527 Diels,
718 3480 742 3529 p.
760 3471 814 3526 532,
829 3466 845 3516 l.
867 3471 912 3516 18:
928 3467 1059 3526 ἐπιστῆσαι
1075 3466 1100 3514 δὲ
1118 3466 1199 3524 ἀξιον,
1213 3467 1265 3520 πῶς

182 3559 236 3608 εἰπε
250 3559 281 3607 τά
294 3564 343 3607 τῶν
363 3561 483 3618 αἰσθητῶν
503 3563 616 3622 στοιχεῖα
632 3557 738 3620 σώματα
754 3557 825 3606 εἶναι·
839 3559 855 3618 ἡ
871 3556 916 3619 γὰρ
931 3556 975 3614 ὕλη
991 3556 1034 3604 καὶ
1050 3555 1079 3603 τὸ
1094 3554 1156 3610 εἶδός
1167 3553 1220 3602 ἐστι
1233 3553 1265 3601 τὰ

183 3653 268 3712 πρῶτα
283 3653 395 3712 στοιχεῖα
407 3652 455 3696 τῶν
471 3649 593 3706 αἰσθητῶν
606 3647 728 3710 ἀσώματα
741 3647 802 3695 ὄντα
817 3647 897 3709 άμρω.

214 3737 247 3800 (1)
262 3736 342 3794 Ιίιίιί.,
359 3735 376 3786 l.
393 3743 422 3786 26
439 3755 444 3786 :
460 3736 501 3786 καί
513 3753 554 3800 μοι
566 3738 633 3785 δοκεῖ
647 3736 837 3798 συναισθόμενος
849 3736 862 3783 ὁ
875 3733 1054 3800 Ἀριστοτέλης,
1072 3733 1109 3782 ότι
1124 3734 1152 3784 οὐ
1166 3734 1263 3783 πάντων

183 3831 231 3874 τῶν
249 3825 377 3890 στοιχείων
393 3825 527 3884 ἐποιήσατο
541 3823 726 3889 τὴνζᾰιαίρεσιν
746 3822 845 3888 (οὐγὰρ
862 3825 891 3882 δὴ
911 3829 953 3882 τῆς
974 3823 1030 3880 ὕλης
1046 3823 1145 3872 καὶτοῦ
1166 3821 1262 3886 είδονς),

185 3914 245 3964 ἀλλὰ
260 3915 339 3976 μόνων
355 3919 403 3964 τῶν
420 3919 577 3977 σωματιηῶν,
592 3915 634 3962 καί
646 3913 684 3962 διὰ
699 3917 772 3961 τοῦτο
789 3911 887 3974 ἐπάγειν
902 3915 931 3962 τό
945 3913 996 3969 ἑξῆς
1011 3911 1186 3978 ἐπιχείρημα...

216 4003 249 4066 (5)
264 4004 347 4067 Phys.
362 4005 405 4062 lV,
416 4006 471 4065 209,
487 4014 510 4061 a,
529 4005 556 4051 18
571 4015 626 4065 sqq.
641 4001 693 4050 ιέτι
708 4001 733 4050 δὲ
749 4002 789 4049 ιιοιί
801 4001 865 4057 τίνος
881 4001 910 4048 ἄν
924 4017 959 4056 τις
972 3999 1022 4058 θείη
1036 4004 1088 4056 τοῖς
1103 3999 1172 4049 οὖσιν
1185 3999 1263 4049 αἰτισν

185 4095 248 4144 εἶναι
262 4094 304 4142 τὸν
319 4093 409 4154 τόπον;
424 4091 526 4156 οὐδεμία
542 4092 588 4158 γὰρ
604 4091 670 4154 αὐτῷ
683 4091 786 4156 ὑπάρχει
803 4090 870 4139 αἰτία
888 4095 936 4140 τῶν
953 4090 1082 4154 τεττάρων·
1099 4091 1156 4138 οὒτε
1170 4090 1215 4153 γὰρ
1231 4093 1263 4146 ὡς

182 4185 227 4242 θλη
242 4188 291 4232 τῶν
306 4183 383 4232 ὄντων
405 4181 482 4246 (οὐδὲν
498 4183 544 4248 γὰρ
557 4183 579 4239 ἐξ
594 4183 670 4232 αὐτοῦ
683 4183 838 4240 συνέστηκεν)
860 4181 917 4230 οὔτε
936 4185 969 4236 ὡς
988 4182 1051 4236 εἶδος
1065 4181 1107 4229 καὶ
1127 4181 1197 4244 λόγος
1215 4185 1262 4229 τῶν

185 4270 335 4334 πραγμάτων
350 4269 404 4320 οὔθ’
418 4275 451 4328 ὡς
463 4271 544 4331 τέλος,
559 4271 615 4320 οὔτε
627 4275 689 4320 κινεῖ
702 4270 732 4319 τά
745 4271 810 4319 ὄντα.
