3160 5054
593 511 636 562 DE
652 513 739 563 Loco
757 511 920 563 sensuum.
1192 509 1197 512 ’
1266 521 1296 566 25

255 656 396 717 Tertium
407 654 531 716 ducitur
541 672 578 714 ex
588 655 772 716 animalium
786 655 979 730 coerctione,
994 673 1064 735 quaa
1078 657 1147 716 fieri
1161 661 1297 736 nequeat

216 772 278 832 nisi
290 772 323 832 in
339 771 501 832 intervalla
515 789 611 832 vacua
624 772 713 832 cihus
728 771 935 846 diffundatur,
952 771 1001 832 vel
1018 772 1116 833 ctiam
1132 790 1169 833 ex
1182 773 1296 834 cineris

217 892 248 948 et
262 899 351 966 aquae
371 887 565 948 admixtione
585 905 592 948 :
612 888 691 948 cinis
703 887 798 959 enim
820 887 846 947 si
867 905 920 948 vas
940 889 1080 967 impleat,
1102 906 1172 950 eam
1191 894 1296 951 tamen

215 1021 327 1082 aquam
346 1003 378 1062 in
398 1021 431 1064 se
447 1003 560 1082 recipit
579 1021 640 1082 qua
654 1021 708 1064 vas
722 1021 859 1064 vacuum
875 1002 1096 1082 implereturl.

257 1121 487 1180 Commemorat
510 1119 646 1197 denique
669 1111 853 1180 Aristoteles
873 1120 1143 1199 Pythagoreorum
1168 1123 1296 1182 senten-

216 1235 311 1306 tiam,¹
332 1235 387 1312 qui
407 1235 498 1295 inane
530 1235 704 1307 infinitum,
727 1235 815 1295 velut
835 1235 981 1314 spiritum
1001 1229 1236 1309 tenuissimum,
1259 1253 1296 1297 eo

216 1343 312 1412 modo
334 1354 421 1412 extra
440 1351 553 1412 caelum
574 1354 682 1430 patere
701 1351 879 1426 voluerunt,
901 1355 935 1413 ut
954 1352 1034 1412 caelo
1049 1352 1187 1430 spirante
1212 1352 1295 1412 intro
1371 1350 1373 1358 ’

151 1529 163 1542 ,
214 1461 391 1528 traheretur
413 1486 420 1528 :
441 1467 516 1527 hinc
534 1469 716 1528 naturarum
735 1467 1043 1542 diversarumphinc
1064 1485 1171 1529 rerum
1194 1467 1294 1529 conti-

215 1601 363 1658 nuarum,
391 1583 465 1644 hino
491 1592 698 1644 numerorum
725 1583 884 1662 imprimis
915 1577 1292 1644 distinctionem'oriri2.

215 1700 446 1760 Suhobscuram
467 1717 535 1760 eam
557 1699 827 1778 Pythagoreorum
854 1699 1029 1760 doctrinam
1054 1700 1080 1759 si
1109 1700 1295 1760 Aristoteles
1376 1754 1379 1760 .

216 1815 453 1890 enucleavisset‚
470 1813 552 1876 haud
567 1815 633 1876 scio
648 1834 688 1875 an
707 1815 926 1876 declinavisset
941 1808 980 1876 de
994 1816 1151 1876 sententia
1166 1833 1221 1877 sua
1237 1816 1295 1876 ali-

215 1932 413 2014 quantulum.
426 1931 635 1992 Intellexisset
648 1931 733 1991 enim
744 1931 882 2010 spatium
897 1932 1006 2004 inane,
1022 1920 1150 1992 etiamsi
1162 1936 1301 2010 nequeat
1361 1987 1367 2006 ,

214 2048 416 2126 physicorum
438 2065 526 2108 more
546 2047 682 2119 definiri,
701 2047 910 2126 cogitantibus
921 2051 1026 2108 tamen
1041 2047 1134 2108 nohis
1149 2065 1218 2108 esse
1238 2064 1295 2108 ne·
1340 2059 1343 2068 “

215 2155 396 2237 cessarium,
412 2167 447 2224 ut
461 2181 541 2224 resa
558 2164 651 2224 rehus
662 2163 871 2241 notionesque
887 2163 985 2244 etiam
1001 2180 1018 2222 a
1033 2163 1217 2224 notionibus
1232 2163 1295 2224 dis·
1366 2228 1369 2234 ,

216 2279 395 2358 tinguamus
417 2297 424 2340 :
444 2279 529 2357 quod
554 2297 628 2339 cum
645 2279 832 2357 Pythagorei
850 2280 899 2339 vel
915 2279 1044 2340 confuse
1057 2279 1293 2358 praesenserint,

215 2395 413 2468 mirabiliter,
435 2399 469 2456 ut
484 2395 563 2454 mihi
579 2395 713 2464 videtur,
731 2395 763 2454 in
781 2394 841 2455 hoc
860 2394 989 2473 quidem
1009 2395 1123 2456 ceteris
1138 2395 1295 2456 excellue-

214 2516 297 2572 runt.
314 2511 525 2592 Pythagoreos
540 2515 648 2572 autem
667 2510 851 2571 Aristoteles
870 2511 983 2571 leviter
997 2511 1131 2590 attingit.
1153 2510 1208 2571 Illa
1221 2515 1293 2572 tan-

214 2627 380 2688 tummodo
390 2631 575 2706 argumenta
589 2630 694 2702 curat,
707 2627 822 2705 quihus
837 2626 959 2705 physici
978 2644 1108 2687 causam
1124 2627 1215 2705 spatii
1231 2627 1296 2686 ina·

214 2743 264 2804 nis
283 2743 501 2805 defenderunt.
516 2745 590 2816 Quae
610 2743 796 2823 priusquam
817 2747 992 2821 oppugnet,
1014 2747 1132 2803 certam
1155 2740 1293 2820 aliquam

214 2860 304 2920 vacui
322 2860 414 2938 spatii
430 2859 649 2920 definitionem
669 2877 707 2918 ex
721 2862 927 2937 patronorum
942 2858 1075 2919 istorum
1091 2859 1294 2938 opinionibus

214 2979 343 3037 conatur
358 2975 531 3036 extrahere.

254 3093 347 3152 Inane
360 3091 543 3170 igiturillud
555 3095 677 3165 vocant,
691 3091 723 3150 in
737 3109 798 3169 quo
810 3089 888 3150 nihil
899 3093 957 3150 est.
971 3090 1084 3151 Omnia
1099 3090 1194 3164 enim,
1209 3105 1294 3168 quaa-

214 3226 350 3286 cumque
371 3209 457 3282 sunt,
472 3208 544 3268 cu'm
568 3225 719 3286 corporea
742 3224 811 3267 essa
832 3205 1006 3279 videantur,
1029 3206 1119 3265 inane
1140 3202 1294 3266 autemid

215 3323 335 3384 dicatur
354 3324 440 3402 quod
456 3341 587 3403 corpore
603 3327 702 3397 caret,
718 3321 861 3402 sequitur
882 3326 917 3383 ut
938 3322 1018 3382 nihil
1039 3321 1168 3382 omnino
1188 3322 1232 3381 ihi
1255 3321 1296 3381 sit

244 3538 278 3602 (1)
288 3538 370 3601 Phys.
381 3531 428 3597 IV,
438 3542 492 3600 213,
506 3536 531 3599 h,
548 3542 575 3587 18
587 3555 592 3586 :
607 3537 676 3586 ἔτιδὲ
690 3539 732 3586 καὶ
742 3541 757 3596 ἡ
768 3538 866 3596 αὔξησις
876 3537 1014 3586 donatarius
1023 3535 1146 3597 γίγνεσθαι
1158 3535 1199 3584 διὰ
1212 3540 1294 3586 κενοῦ·

212 3629 256 3687 τὴν
271 3627 312 3688 μὲν
327 3629 372 3692 γὰρ
386 3629 472 3690 τροφὴν
488 3631 560 3689 σῶμα
572 3627 643 3680 εἶναι,
658 3626 701 3676 δύο
714 3626 740 3675 δὲ
755 3627 861 3689 σώματα
875 3625 994 3675 ἀδύνατον
1010 3625 1061 3688 ἅμα
1074 3625 1144 3674 εἶναι.
1158 3624 1295 3690 Μαρτύριον

212 3717 238 3764 δὲ
251 3718 293 3766 καὶ
307 3717 335 3766 τὸ
348 3718 402 3780 περὶ
416 3721 458 3775 τῆς
472 3718 557 3781 τέφρας
571 3720 712 3776 ποιοῦνται,
727 3716 742 3774 ἣ
760 3715 856 3788 δέχεςαι
870 3713 924 3763 ἴσον
939 3715 1004 3777 ὕδωρ
1025 3713 1082 3762 ὅσον
1103 3715 1130 3764 τὸ
1150 3713 1246 3777 ἀγγεῖον
1266 3715 1295 3764 τὸ

212 3805 294 3854 κενόν.
842 3785 849 3808 ⁸

243 3892 276 3956 (2)
286 3893 369 3956 Phys.
386 3894 430 3951 lv,
441 3897 495 3954 ala,
504 3891 533 3955 h,
547 3897 576 3943 22
590 3911 595 3942 z
609 3894 667 3943 εἶναι
677 3891 702 3941 δ’
717 3892 807 3950 {paoem
820 3893 862 3942 καὶ
876 3894 899 3942 οἱ
911 3891 1067 3955 Πυθαγόρειοι
1075 3891 1152 3950 κενὸν,
1164 3891 1206 3941 καὶ
1213 3892 1292 3942 ἐπεισ-

212 3983 273 4031 ιέναι
286 3983 353 4045 αὐτῷ
364 3983 400 4046 τῷ
413 3982 506 4048 οὐρανῷ
519 3983 547 4031 ἐκ
561 3987 603 4031 τοῦ
622 3982 721 4045 ἀπείρου
735 3982 874 4046 πνεύματος
884 3984 916 4036 ὡς
929 3981 1075 4030 ἁναπνέοντι
1088 3981 1130 4029 καὶ
1142 3981 1171 4030 τὸ
1183 3981 1262 4043 κενόν,
1277 3982 1293 4032 ὃ

211 4068 310 4136 διορίζει
325 4071 366 4127 τὰς
381 4070 471 4134 φύσεις,
484 4074 517 4126 ὡς
530 4071 598 4128 ὄντος
616 4076 658 4120 τοῦ
676 4075 747 4120 κενοῦ
767 4074 893 4134 preproperi
910 4071 974 4126 τινὸς
994 4075 1042 4120 τῶν
1058 4070 1138 4132 ἑφεξῆς
1154 4071 1195 4120 καὶ
1211 4070 1293 4134 Ιδιορί-

211 4177 281 4215 σεως·
296 4161 336 4209 καὶ
347 4158 418 4209 τοῦτ’
432 4160 492 4208 εἶναι
506 4164 602 4224 πρῶτον
618 4160 643 4209 ἐν
658 4163 708 4218 ,τοῖς
718 4159 836 4226 ἀριθμοῖς·
849 4159 877 4207 τὸ
890 4159 935 4222 γὰρ
952 4157 1021 4207 κενὸν
1039 4158 1147 4222 διορίζειν
1162 4160 1206 4218 τήν
1222 4159 1291 4222 φύσιν

214 4256 304 4300 αντῶν.
