3160 5054
715 501 794 560 QUID
811 500 1026 552 ARISTOTELES

845 1045 896 1104 lv.

404 1275 559 1350 Quomodo
574 1275 751 1336 Aristoteles
765 1273 861 1334 torum
876 1293 896 1334 o
909 1278 1038 1336 materia
1049 1273 1206 1355 formaque
1218 1280 1353 1356 eorporis

777 1389 968 1451 distinxerit.

371 1638 490 1696 Locum
514 1653 582 1696 esse
605 1636 772 1714 proprium
792 1635 912 1713 aliquid
938 1635 1078 1714 corporis
1098 1635 1228 1708 inclusi,
1252 1637 1417 1698 materiam

332 1755 387 1812 aut
408 1751 557 1824 sormam,
578 1751 739 1812 nonnullis
756 1751 873 1828 placet,
894 1754 1024 1830 propter
1046 1751 1245 1829 perspicuam
1262 1752 1323 1812 loci
1343 1770 1417 1813 eum

331 1866 433 1926 torma
454 1869 486 1927 et
501 1867 635 1926 materia
657 1866 914 1926 similitudinem.
938 1868 1039 1927 Locus
1059 1866 1160 1940 enim,
1174 1866 1284 1927 formae
1304 1868 1415 1938 instar,

331 1998 400 2043 rem
414 1982 637 2060 complectitur
653 2000 660 2041 :
677 1981 788 2041 formae
804 1982 912 2054 instar,
930 1981 1120 2042 exteriorem
1139 1981 1281 2060 eorporis
1302 1983 1418 2042 eireui-

332 2101 402 2158 tum
422 2097 565 2175 sequitur
583 2100 679 2174 atquo
703 2095 873 2158 delineatl.
900 2129 938 2142 -
959 2097 1092 2176 Propior
1115 2097 1213 2157 immo
1237 2097 1335 2158 etiam
1358 2099 1419 2158 loci

334 2229 406 2272 oum
424 2212 557 2272 materia
575 2215 728 2290 cognatio.
749 2213 827 2272 Nam
848 2211 951 2284 locus,
968 2215 1121 2290 tanquam
1145 2213 1294 2285 materia,
1310 2216 1419 2273 muta-

333 2327 430 2386 tionis
444 2326 539 2387 variae
553 2327 641 2404 quasi
655 2343 823 2387 commune
838 2326 997 2387 theatrum
1011 2331 1073 2401 est,
1090 2331 1125 2387 ut
1140 2328 1175 2388 fit
1189 2328 1243 2388 ubi
1262 2328 1352 2388 albus
1367 2345 1420 2387 oo-

333 2442 382 2501 lor
402 2442 530 2521 nigrum
555 2441 687 2520 exeipit,
713 2442 864 2503 duritiam
885 2441 1086 2502 mollitudo².
1108 2444 1175 2503 Hoe
1193 2442 1278 2502 idem
1302 2443 1420 2502 Aristo-

333 2557 412 2618 teles
427 2557 620 2618 abstrusiora
636 2557 772 2635 quadam
785 2558 942 2619 sententia
955 2557 1040 2632 dicit,
1058 2575 1154 2635 quam
1168 2557 1218 2617 his
1233 2557 1299 2618 fere
1313 2557 1419 2618 verbis

333 2673 366 2732 in
379 2672 513 2733 latinum
532 2676 694 2733 vertemus
715 2691 721 2732 :
741 2695 755 2726 «
773 2673 930 2744 Quatenus
944 2673 1033 2733 loeus
1047 2673 1172 2733 videtur
1192 2690 1262 2734 esse
1275 2673 1421 2734 interval-

335 2810 350 2842 «
367 2789 431 2848 lum
451 2787 694 2866 magnitudinis,
718 2789 848 2848 materia
867 2789 972 2866 potius
992 2793 1050 2848 est.
1074 2790 1183 2866 Neque
1203 2789 1288 2848 enim
1308 2788 1421 2848 eadem

336 2925 351 2958 «
367 2921 417 2963 res
433 2906 481 2963 est
495 2902 680 2981 magnitudo
693 2907 724 2964 et
741 2903 967 2982 magnitudinis
982 2903 1194 2964 intervallum.
1216 2902 1421 2964 Intervallum

338 3042 352 3074 n
368 3035 532 3090 vocamus,
556 3018 640 3096 quod
664 3018 765 3079 forma
783 3019 919 3097 cingitur
941 3036 976 3079 ae
1000 3019 1163 3092 definitur,
1184 3020 1271 3080 velut
1288 3018 1421 3096 planitie

338 3157 352 3188 «
370 3138 401 3194 et
419 3133 565 3194 termino.
582 3134 680 3212 Hujus
699 3138 808 3194 autem
822 3135 946 3212 generis
959 3135 1092 3194 materia
1108 3138 1171 3208 est,
1187 3138 1219 3194 et
1232 3134 1421 3194 intermina-

338 3272 352 3304 «
369 3253 448 3310 tum.
463 3248 594 3309 Sublato
611 3249 697 3309 enirn
712 3249 844 3327 sphaerae
862 3229 1014 3323 termino,
1031 3250 1163 3310 sublatis
1179 3253 1210 3310 et
1226 3249 1359 3327 sphaerae
1374 3249 1421 3308 ai-

339 3387 353 3419 «
372 3364 522 3439 lectibus,
538 3363 617 3424 nihil
629 3365 820 3443 relinquitur
832 3368 947 3443 praeter
961 3365 1129 3425 materiam
1140 3363 1162 3423 ³.
1182 3388 1196 3420 ν
1213 3364 1422 3434 —Quantum

368 3513 401 3576 (1)
417 3513 500 3577 Phys.
517 3515 560 3573 lv,
577 3519 632 3574 211,
647 3513 672 3574 b,
689 3519 714 3562 11
729 3515 804 3564 :anit
818 3515 858 3564 διὰ
868 3515 910 3578 μὲν
920 3516 950 3564 τὸ
963 3515 1082 3578 περιέχειν
1098 3516 1195 3572 δοκεῖὴ
1210 3515 1291 3581 μορφὴ
1306 3515 1378 3564 εἶναι·
1396 3514 1421 3563 ἐν
1518 3507 1523 3515 ’

337 3603 419 3664 ταύτῷ
432 3603 479 3668 γὰρ
491 3603 522 3652 τὰ
534 3602 627 3666 ἔσχατα
641 3608 685 3653 τοῦ
699 3604 848 3668 περιέχοντος
862 3605 904 3654 καὶ
918 3609 960 3653 τοῦ
972 3604 1154 3670 περιεχομένου.

370 3691 402 3754 (2)
415 3691 497 3754 Phys.
512 3693 554 3754 lv,
571 3697 625 3753 211,
643 3691 668 3751 b,
685 3696 715 3742 29
732 3710 737 3741 :
753 3694 795 3742 καὶ
810 3697 825 3752 ἡ
838 3694 882 3752 ὕλη
897 3693 923 3742 δὲ
937 3693 1025 3749 δόξειεν
1041 3695 1070 3741 ἂν
1085 3693 1146 3742 εἶναι
1158 3695 1238 3751 τόπος,
1256 3694 1277 3742 εἳ
1291 3709 1318 3753 γε
1330 3693 1354 3741 ἐν
1364 3694 1424 3757 ἠρε-

316 3842 318 3848 7
340 3778 424 3842 μοῦντί
438 3796 473 3836 τις
488 3779 594 3840 σκοποίη
609 3783 650 3830 καὶ
667 3782 699 3844 μὴ
713 3783 890 3846 κεχωρισμένον
905 3781 964 3830 ἀλλὰ
979 3782 1083 3844 συνεχές,
1104 3779 1200 3847 Ὥσπερ
1215 3781 1262 3846 γὰρ
1276 3783 1297 3830 εἰ
1312 3781 1424 3830 ἀλλοιοῦ-

337 3885 386 3928 ται,
403 3867 455 3918 ἔστι
468 3888 490 3920 τι
503 3871 516 3919 ὃ
530 3875 573 3920 νῦν
589 3871 632 3934 μὲν
645 3871 729 3919 λευκὸν
741 3869 815 3918 πάλαι
828 3870 854 3918 δὲ
869 3870 951 3933 μέλαν,
966 3871 1008 3918 καὶ
1023 3875 1063 3918 νῦν
1078 3870 1122 3933 μὲν
1136 3870 1238 3931 σκληρὸν
1250 3871 1326 3919 πάλαι
1339 3869 1364 3919 δὲ
1376 3886 1425 3932 μοι·

339 3961 413 4010 λαιόν
430 3959 479 4020 (διό
494 3976 573 4024 φαμεν
589 3958 652 4008 εἷναί
667 3975 690 4007 τι
706 3960 748 4016 τὴν
763 3957 844 4020 ὕλην),
860 3959 925 4006 οὕτω
937 3959 977 4006 καὶ
989 3958 1003 4006 ὁ
1017 3961 1090 4015 τόπος
1104 3958 1143 4007 διὰ
1155 3959 1268 4016 τοιαύτης
1281 3960 1345 4014 τινὸς
1360 3959 1424 4009 εἶναι

339 4051 407 4102 δοκεῖ
420 4049 561 4112 φαντασίας.

371 4137 405 4201 (3]
423 4137 505 4200 Phys.
521 4137 563 4196 lv,
578 4140 633 4199 209,
649 4134 674 4198 h,
690 4139 704 4184 6
719 4153 724 4184 :
740 4134 794 4198 ᾐδὲ
806 4136 898 4184 δοκεῖὁ
914 4135 987 4190 τόπος
1001 4136 1063 4184 εἶναι
1081 4135 1202 4196 διάστημα
1215 4139 1260 4185 τοῦ
1272 4137 1395 4198 μεγέθους,
1408 4139 1424 4194 ἡ

346 4228 400 4284 tta·
419 4231 491 4276 τοῦτο
505 4226 551 4291 γὰρ
568 4226 648 4288 ἕτερον
666 4229 709 4274 τοῦ
725 4225 844 4287 μεγέθους·
861 4228 935 4274 τοῦτο
951 4222 1029 4274 δ’ἐστὶ
1042 4225 1069 4274 τὸ
1084 4225 1254 4289 περιεχόμενον
1271 4225 1318 4274 ὑπὸ
1332 4230 1375 4273 τοῦ
1395 4225 1427 4273 εἲ-
