3160 5054
573 559 616 607 DE
635 557 720 608 Loco
737 558 898 608 SENSElllT.
1262 562 1276 608 7

195 702 280 782 quod
300 701 485 762 Aristoteles
501 701 567 762 vult
586 700 666 761 effici
685 718 691 759 :
709 700 879 780 imaginem
900 701 961 762 loei
981 703 1141 764 mentibus
1161 703 1277 764 nostris

195 819 239 878 ita
252 835 320 877 esse
332 818 469 891 infixam,
481 819 517 877 ut
529 815 634 877 locum
648 816 905 893 differentiasque
918 816 958 876 ad
968 817 1074 878 locum
1085 818 1278 896 pertinentes

195 934 245 994 vel
263 933 372 1006 rebus,
390 949 460 1010 quae
472 931 594 992 nullum
609 932 712 992 locum
730 931 888 1006 obtinent,
904 932 1114 1010 assignemus,

236 1048 411 1127 Supersunt
423 1050 610 1125 argumenta
622 1047 697 1119 duo,
712 1063 846 1125 quorum
861 1047 995 1108 alterum
1005 1047 1038 1107 in
1053 1047 1137 1110 huno
1147 1049 1278 1110 modum

196 1163 415 1225 concluditur:
434 1187 449 1218 «
466 1163 524 1234 Qui
538 1163 629 1222 inane
645 1162 754 1223 dieunt
773 1180 857 1234 esse,
875 1162 974 1223 iidem
987 1163 1092 1224 looum
1110 1182 1179 1225 esse
1194 1165 1277 1225 axis-

198 1303 212 1334 «
229 1281 342 1340 timant
359 1297 365 1338 :
383 1281 466 1340 esset
481 1278 567 1338 enim
586 1278 678 1338 inane
692 1277 781 1339 locus
804 1295 936 1357 eorpore
956 1281 1084 1340 orbatus
1097 1277 1118 1338 ⁴.
1144 1304 1158 1336 »
1180 1315 1219 1326 —
1238 1283 1278 1342 Ut

196 1396 281 1456 enim
300 1395 437 1474 spatium
457 1395 548 1454 inane
563 1411 717 1471 nusquam
737 1397 842 1472 pateat
866 1393 963 1474 (quod
982 1395 1166 1456 Aristoteles
1185 1398 1278 1474 paulo

196 1511 276 1570 inira
287 1485 559 1571 demonstraturus
571 1507 641 1588 est),
655 1509 798 1586 sequitur
808 1512 914 1570 tamen
927 1527 964 1570 ex
976 1510 1035 1570 hoe
1048 1511 1132 1589 quod
1146 1511 1279 1590 loquun-

195 1629 248 1686 tur
260 1626 404 1705 plerique
417 1625 456 1685 de
469 1641 568 1686 vacuo
579 1628 613 1685 ut
623 1625 683 1684 looi
695 1625 798 1702 imago
812 1625 997 1686 eorumdem
1009 1625 1169 1688 mentibus
1180 1627 1279 1687 infor-

196 1745 312 1802 metur.
327 1776 366 1784 -
379 1740 467 1801 Haud
485 1740 665 1800 absimilem
679 1739 854 1800 dixerimus
868 1757 936 1800 esse
957 1741 1085 1802 alterius
1100 1743 1279 1820 argumenti

195 1857 259 1916 vim
280 1874 315 1917 ao
334 1855 614 1935 significationem,
636 1856 673 1916 ab
692 1855 830 1916 Hesiodo
848 1855 974 1928 adsciti,
998 1857 1050 1934 qui
1068 1858 1197 1936 scripsit
1212 1859 1278 1936 pri-

195 1989 285 2033 mum
302 1972 446 2033 omnium
460 1972 557 2032 luisse
571 1971 684 2043 Chaos,
703 1971 791 2049 quasi
806 1971 911 2032 locum
926 1972 1020 2032 rebus
1033 1972 1166 2034 futuris:
1186 1996 1200 2028 «
1214 1973 1278 2034 hd-

198 2111 212 2142 «
226 2087 382 2148 mirabilis
405 2087 500 2166 igitur
521 2087 666 2164 quaedam
687 2087 768 2148 foret
784 2087 832 2146 vis
854 2086 929 2159 loci,
951 2105 987 2148 ae
1001 2087 1105 2166 prima
1121 2089 1275 2150 omnium.

198 2225 212 2258 a
228 2203 262 2264 ld
277 2203 362 2264 enim
374 2203 441 2264 sine
457 2220 518 2281 quo
531 2203 667 2264 aliorum
679 2202 758 2263 nihil
772 2207 830 2276 est,
843 2203 948 2281 ipsum
962 2220 1038 2264 vero
1051 2207 1100 2264 est
1114 2204 1182 2265 sine
1195 2205 1276 2278 aliis,

198 2341 212 2374 «
231 2336 359 2380 neeesse
379 2322 428 2378 est
448 2335 517 2379 esse
537 2317 687 2397 primum.
710 2318 918 2379 Pereuntibus
937 2318 1069 2396 quidem
1090 2319 1130 2380 iis
1153 2338 1223 2399 quae
1246 2321 1279 2381 in
1320 2306 1323 2312 ’

198 2457 212 2490 «
229 2435 298 2495 loeo
312 2437 395 2506 sunt,
408 2434 495 2495 loeus
509 2434 576 2512 ipse
587 2451 650 2494 non
668 2433 776 2494 interit
786 2431 811 2494 ².
828 2457 842 2490 ι)
858 2468 898 2483 —
913 2435 952 2494 At
966 2451 1041 2495 vero
1053 2435 1159 2496 locum
1173 2453 1277 2514 neque

195 2555 266 2611 ante
284 2568 350 2624 res,
364 2567 469 2628 neque
482 2550 551 2610 sine
564 2549 658 2610 rebus
680 2549 845 2621 exsistere,
867 2550 1050 2610 Aristoteles
1065 2551 1210 2628 plurimis
1229 2570 1278 2612 ra·
1356 2554 1360 2562 '

194 2667 333 2727 tionibus
351 2665 561 2726 confirmabit.
579 2665 653 2736 Quae
669 2682 741 2725 oum
757 2665 801 2724 ita
814 2665 887 2737 sint,
902 2664 962 2725 hoo
977 2665 1069 2742 plane
1083 2683 1181 2726 unum
1194 2667 1279 2727 Aris-

96 2788 102 2798 '
195 2782 305 2842 totelia
320 2765 549 2860 argumentatio
563 2783 701 2857 spectat:
716 2783 842 2842 tantum
854 2781 964 2840 abesse
980 2784 1015 2842 ut
1028 2781 1115 2842 loeus
1127 2781 1279 2844 habeatur

195 2915 253 2977 pro
276 2897 389 2968 nihile,
415 2900 450 2981 ut
471 2899 578 2956 eontra
599 2896 646 2955 vis
670 2895 730 2955 loci
754 2895 877 2974 vulgari
899 2896 1048 2973 opinione
1073 2897 1278 2960 vehementer

196 3013 417 3092 amplificetur.
434 3047 473 3056 -
490 3011 551 3072 Sed
567 3011 605 3071 de
619 3029 713 3072 sensu
726 3011 886 3072 communi
899 3011 1061 3073 haetenus.
1081 3015 1169 3076 Nune
1185 3019 1278 3078 natu-

197 3147 263 3190 ram
276 3128 354 3200 loei,
369 3146 426 3208 pro
442 3127 513 3188 data
524 3145 557 3188 re
569 3127 679 3200 habiti,
697 3127 935 3204 investigemus.
952 3191 957 3200 ,

228 3343 261 3406 (l)
276 3343 355 3404 Pltqs.
372 3344 418 3399 lv,
436 3346 489 3400 208,
505 3341 530 3399 b,
548 3347 576 3391 25
589 3359 594 3391 :
608 3342 643 3390 ἔτι
658 3344 680 3391 οἱ
692 3341 720 3391 τὸ
732 3341 801 3390 κενὸν
813 3340 946 3404 φάσκοντες
958 3342 1018 3392 εἶναι
1029 3343 1102 3394 τόπον
1112 3344 1232 3409 λέγουσιν·
1245 3348 1274 3397 τὸ

197 3433 244 3496 γὰρ
256 3433 326 3482 κενὸν
337 3431 410 3487 τόπος
420 3433 449 3480 ἂν
460 3432 497 3488 εἴη
508 3431 664 3494 ἐστερημένος
676 3430 799 3492 σώματος.

227 3520 259 3583 (2)
275 3521 354 3583 Phys.
370 3523 413 3580 IV,
429 3525 487 3580 208,
501 3519 530 3579 b,
545 3524 575 3568 29
592 3538 597 3569 :
617 3520 693 3576 δόξειε
707 3519 730 3568 δ’
747 3520 776 3568 ἂν
796 3520 837 3568 καὶ
857 3518 969 3576 Ἡσίοδος
986 3521 1060 3584 ὀρθῶς
1080 3523 1157 3585 λέγειν
1174 3525 1280 3584 ποιήσας

197 3615 292 3675 πρῶτον
303 3610 331 3658 τὸ
342 3610 409 3674 χάος.
423 3611 494 3673 Λέγει
504 3614 562 3672 γοῦν

298 3773 301 3780 ς
355 3724 461 3775 Πάντων
476 3725 518 3788 μὲν
533 3725 662 3789 πρώτιστα
679 3723 738 3788 χάος
755 3724 847 3787 γένετ’,
863 3725 941 3791 αὐτὰρ
954 3725 1038 3775 ἔπειτα

353 3813 409 3878 γαῖ’
423 3814 587 3880 εὐρύστερνος·

198 3933 230 3986 ὡς
245 3931 300 3980 δέον
319 3931 418 3994 πρῶτον
435 3930 538 3994 ὑπάρξαι
555 3931 636 3994 χώραν
654 3933 705 3985 τοῖς
725 3928 794 3990 οὖσι,
810 3929 851 3978 διὰ
862 3931 891 3979 τὸ
903 3930 1019 3992 νομίζειν,
1036 3931 1118 3995 ὥσπερ
1137 3933 1160 3980 οἱ
1179 3933 1278 3994 πολλοί,

198 4017 278 4069 πάντα
290 4019 352 4069 εἷναί
366 4035 413 4068 που
426 4019 467 4068 καὶ
483 4019 507 4068 ἐν
525 4017 604 4082 τόπῳ.
624 4017 661 4066 Ἐν
677 4018 752 4067 δ’ἐστὶ
767 4022 877 4077 τοιοῦτο,
893 4019 1022 4082 θαυμαστή
1038 4036 1073 4075 τις
1088 4020 1117 4068 ἂν
1130 4019 1166 4078 εἴη
1183 4024 1227 4068 τοῦ
1238 4021 1279 4070 τό·

198 4125 246 4158 που
262 4109 361 4172 δύναμις
374 4109 416 4158 καὶ
434 4109 543 4174 προτέρα
558 4107 665 4157 πάντων·
680 4107 708 4156 οὗ
726 4107 772 4172 γὰρ
788 4108 845 4156 ἄνευ
860 4111 909 4156 τῶν
926 4108 1180 4170 allevamentum,
1199 4108 1279 4159 ἐκεῖνο

199 4197 284 4248 δ’ἄνευ
296 4202 345 4246 τῶν
359 4199 446 4260 ἄλλων,
462 4196 556 4259 ἀνάγκη
569 4198 666 4260 πρῶτον
679 4196 748 4245 εἶναι·
762 4196 849 4262 οὐγὰρ
861 4195 990 4246 ἀπόλλυται
1003 4198 1015 4246 ὁ
1028 4195 1100 4252 τόπος
1112 4201 1159 4245 τῶν
1173 4197 1197 4246 ἐν
1212 4198 1280 4263 αὐτῷ

200 4287 373 4351 φθειρομένων.
436 4337 440 4344 ,

271 4399 282 4425 0
