3160 5054
289 495 319 541 34
676 489 757 546 QUID
774 489 989 540 ARISTOTELES

288 634 383 694 modo
402 634 428 692 Θ
448 631 657 709 longitudinis
677 635 699 690 Δ
721 631 845 692 lustret.
867 632 922 692 His
941 631 1071 710 positis,
1094 631 1285 692 densitatem
1304 651 1372 693 cor-

287 749 373 828 poris
386 753 408 808 Δ
425 748 514 826 signo
532 745 559 806 d'
572 751 733 820 notemus;
750 745 940 807 densitatem
952 750 1058 807 autem
1074 742 1110 806 d''
1123 747 1196 807 novi
1210 747 1373 826 cujusdam

287 890 429 968 corporis
441 888 585 950 eomodo
599 888 763 967 eligamus,
773 893 806 948 ut
818 889 996 950 habeamus
1010 845 1052 1002 Ξ,
1066 923 1105 951 =
1117 851 1178 1002 'tt‘'
1197 901 1273 962 cnm
1286 903 1375 978 putet

288 1041 472 1102 Aristoteles
499 1039 596 1120 (quod
619 1039 748 1101 omnino
777 1040 892 1101 falsum
916 1039 975 1119 est)
1005 1041 1203 1104 celeritatem
1233 1041 1373 1121 corporis

287 1155 476 1217 transeuntis
501 1155 614 1216 eadem
640 1155 763 1216 ratione
795 1173 935 1216 crescere
963 1174 1023 1233 qua
1043 1157 1203 1219 minuatur
1232 1157 1374 1238 corporis

287 1272 411 1350 trajecti
427 1271 580 1345 densitas,
597 1270 734 1330 scribere
755 1271 944 1350 poterimus,
965 1272 1123 1350 siquidem
1138 1273 1228 1351 ¹signo
1242 1271 1275 1332 v'‘
1291 1271 1375 1336 desi-

289 1379 492 1466 gnaverimus
506 1385 647 1464 ejusdem
659 1385 810 1464 ponderis
823 1386 856 1446 in
866 1405 946 1448 novo
959 1405 997 1448 eo
1011 1405 1143 1468 corpore
1157 1389 1349 1452 celeritatem
1364 1405 1371 1446 :

871 1583 908 1683 d

871 1691 906 1750 d„

768 1579 857 1668 vu—

744 1669 856 1747 or*-

288 1788 326 1846 At
339 1784 412 1862 quia
429 1784 652 1864 supposuimus
667 1803 675 1844 :

277 2087 323 2146 nt
334 2087 512 2146 necessario
527 2105 535 2146 :

288 2459 365 2519 Cum
396 2463 502 2521 autem
537 2463 700 2524 contrariae
727 2464 790 2526 sint
823 2464 1020 2525 celeritatem
1053 2469 1298 2542 temporumque
1326 2478 1374 2520 ra·

285 2575 403 2646 biensa,
418 2573 577 2637 habemus
593 2596 599 2636 :

747 2678 903 2761 ,ῖ-ῑ.

768 2765 934 2843 ’ἶ-ῑΓ

289 2879 332 2936 Ex
346 2877 397 2937 his
413 2877 572 2957 colligitur
589 2898 596 2940 :

767 2997 785 3038 v
798 3003 837 3032 =
850 2978 895 3038 v'‘.

290 3156 378 3214 Nunc
394 3173 483 3227 vem,
503 3156 529 3216 si
546 3156 807 3217 animadverteris
822 3174 936 3235 corpus
951 3160 974 3215 Δ
990 3156 1029 3216 ad
1044 3155 1211 3216 arbitrium
1229 3151 1376 3215 nostrum

290 3288 357 3331 esse
380 3271 559 3345 definitum,
583 3271 718 3350 ideoque
743 3273 938 3333 celeritatem
960 3271 985 3332 v'
1008 3271 1141 3332 cuilibet
1162 3270 1375 3348 magnitudini

289 3403 358 3446 esse
376 3387 547 3464 aequalem,
564 3387 650 3448 idem
669 3387 773 3449 dicere
794 3389 914 3466 poteris
930 3388 968 3449 de
985 3387 1148 3448 celeritate
1162 3385 1209 3446 v''.
1228 3385 1282 3446 [lui
1303 3402 1376 3446 cum

290 3501 421 3578 aequalis
450 3503 491 3562 sit
516 3502 660 3562 celeritas
681 3522 716 3576 v,
740 3504 776 3562 fit
797 3503 973 3564 necessario
997 3506 1032 3563 ut
1053 3503 1085 3562 in
1105 3519 1202 3562 vacuo
1232 3501 1375 3561 celeritas

289 3633 421 3676 numero
454 3617 585 3678 cuilibet
619 3609 660 3677 sit
691 3618 835 3697 aequalis,
869 3619 1018 3696 idemque
1047 3617 1172 3696 pondus
1200 3617 1234 3675 in
1262 3615 1375 3676 eodem

289 3735 432 3810 tempore
447 3733 609 3792 intervalla
621 3751 716 3811 parva
728 3751 903 3812 magnaque
916 3734 1005 3794 vacui
1018 3736 1184 3811 percurrat
1198 3749 1205 3791 :
1221 3749 1282 3808 quo
1295 3730 1376 3790 nihil

290 3846 415 3907 ridetur
431 3864 499 3908 esse
514 3849 692 3909 absurdius.

331 3963 542 4023 Posteriorem
563 3963 644 4024 hanc
664 3964 900 4025 conclusionem
920 3964 947 4024 si
969 3964 1139 4046 contuleris
1161 3980 1233 4024 cum
1257 3961 1375 4040 priore,

292 4079 597 4156 argumentationem
618 4080 797 4140 Aristotelis
817 4097 927 4141 secum
944 4079 1046 4158 ipsam
1065 4095 1203 4157 pugnare
1223 4076 1375 4154 reperies.

294 4181 401 4253 Priore
418 4194 503 4253 enim
523 4199 710 4272 argumento
724 4196 868 4257 celeritas
886 4196 918 4255 in
932 4213 1033 4256 vacuo
1053 4194 1185 4276 infinita,
1205 4193 1305 4254 altero
1320 4209 1377 4252 au-
