3160 5054
256 543 295 590 70·
649 540 729 594 QUID
747 538 960 591 ARISTOTELES

295 684 372 744 Cum
386 682 499 743 caelum
512 682 658 743 circulari
674 686 764 743 motu
778 691 982 742 communem
1003 680 1221 742 universarum
1235 697 1342 740 rerum

255 799 360 858 locum
381 799 464 858 intra
487 797 666 858 immobiles
687 797 840 858 terminos
862 795 1035 866 contineat,
1059 797 1217 864 elementa
1234 799 1342 856 autem

255 913 414 988 inferiora,
438 913 645 973 conversione
671 912 822 990 aequabili
845 919 968 972 motum
992 911 1179 972 circularem
1201 910 1339 978 imitata,

254 1028 454 1089 immobilem
469 1028 610 1088 locorum
632 1029 825 1088 naturalium
840 1027 923 1087 inter
938 1044 970 1088 se
993 1025 1235 1104 dispositionem
1259 1026 1342 1086 ordi-

253 1161 392 1220 nemque
409 1144 599 1213 sustineant,
614 1143 729 1204 rationi
746 1146 996 1202 consentaneum
1017 1145 1075 1214 est,
1092 1142 1223 1202 tertium
1240 1141 1341 1218 quod-

254 1258 327 1318 dam
338 1276 407 1318 esse
422 1259 572 1318 motionis
582 1259 742 1318 circularis
753 1275 862 1336 genus,
872 1274 939 1335 ¹quo
952 1257 1045 1317 tertia
1059 1261 1166 1318 nostra
1181 1257 1219 1316 de
1235 1257 1340 1317 mobi-

253 1373 342 1433 litate
363 1374 425 1433 loci
446 1374 662 1434 controversia
685 1373 863 1433 dirimatur.
878 1372 1026 1450 Legimus
1046 1375 1152 1432 autem
1174 1373 1207 1432 in
1227 1375 1339 1449 quarto

251 1488 394 1566 Physicae
417 1489 667 1549 Auscultationis
689 1489 787 1559 libro,
814 1488 882 1548 lieri
912 1490 1009 1565 posse
1032 1492 1067 1548 ut
1095 1504 1209 1565 eorpus
1235 1486 1285 1546 vol
1307 1487 1340 1546 in

251 1603 345 1681 pleno
362 1603 464 1682 spatio
478 1607 651 1677 moveatur,
667 1603 839 1663 dummodo
856 1603 1024 1669 succedant
1034 1603 1067 1662 in
1080 1603 1149 1680 ejus
1162 1603 1262 1666 vicem
1276 1620 1341 1662 cor-

251 1736 329 1796 pora
342 1718 417 1789 alia,
435 1718 701 1795 continueturque
715 1718 813 1778 series
831 1721 866 1778 ut
881 1717 925 1777 ita
945 1717 1049 1778 dicam
1068 1717 1171 1778 solida
1183 1735 1291 1778 rerum
1307 1718 1339 1776 in

250 1833 409 1894 turbinem
425 1850 458 1893 se
472 1833 739 1904 convolventium.
756 1833 1010 1912 Descriptionem
1027 1849 1107 1904 eam,
1121 1836 1231 1910 utpote
1244 1834 1341 1910 jama

251 1948 381 2008 Platone
404 1965 586 2026 expressam
598 1947 622 2022 ⁴,
638 1949 678 2008 ob
693 1948 773 2008 hanc
788 1949 893 2026 ipsam
919 1965 1047 2008 causam
1069 1948 1234 2008 adumbrat
1253 1949 1339 2008 Aris-

251 2063 365 2123 toteles
381 2064 488 2140 potius
505 2081 599 2140 quam
625 2064 752 2124 conficit
770 2062 792 2122 ².
815 2064 893 2123 Cum
911 2067 1019 2126 tamen
1044 2063 1151 2123 omnia
1172 2063 1205 2122 in
1223 2065 1340 2124 Aristo-

249 2178 325 2237 telio
345 2178 465 2238 mundo
483 2179 576 2256 plena
596 2179 672 2251 sint,
689 2179 797 2238 omnia
813 2183 920 2238 autem
941 2182 1060 2256 queant
1076 2179 1211 2251 moveri,
1232 2178 1340 2239 verisi-

250 2293 325 2352 mile
339 2296 387 2352 est
402 2311 440 2352 ex
452 2296 540 2354 motu
553 2294 694 2371 corporis
712 2294 883 2372 cujuslibet
900 2295 932 2352 in
949 2293 1051 2353 alieno
1067 2294 1224 2355 elemento
1242 2296 1338 2372 positi

249 2405 410 2468 turbinem
427 2408 585 2486 quendam
605 2408 711 2484 nasci,
731 2409 786 2486 qui
807 2409 991 2470 circularem
1009 2409 1078 2468 caeli
1099 2410 1339 2470 conversionem

249 2523 402 2582 imitetur.
428 2522 582 2583 Particula
604 2523 702 2601 igitur
725 2527 816 2584 terrae
840 2541 897 2601 per
918 2541 1025 2583 aerem
1042 2524 1068 2583 si
1091 2529 1249 2597 transeat,
1266 2543 1338 2585 cum

251 2637 419 2714 particulas
437 2637 517 2698 aeris
538 2639 694 2716 propellat
713 2639 828 2716 quibus
846 2639 915 2698 aliae
930 2637 1092 2716 particulae
1107 2641 1336 2718 proponentur,

247 2752 423 2812 motionem
438 2771 503 2830 prae
519 2771 552 2812 se
568 2753 698 2812 missam
711 2753 825 2832 accipit
844 2771 862 2813 a
882 2758 971 2831 tergo
984 2753 1180 2826 restitutam,
1194 2755 1274 2814 adeo
1290 2761 1335 2830 ut,

248 2868 298 2927 vel
321 2867 347 2926 si
371 2872 489 2928 rectam
510 2868 628 2928 lineam
655 2869 724 2946 ipsa
746 2873 905 2946 sequatur,
927 2870 1039 2928 orbem
1062 2873 1170 2930 tamen
1194 2871 1339 2931 conficiat

246 3000 355 3042 rerum
368 2982 544 3042 secundum
555 2984 707 3044 mobilem
718 2985 847 3045 anulum
863 2985 1141 3062 conglaciantium.
1156 2985 1213 3046 Hic
1230 2991 1336 3047 autem

247 3098 376 3169 anuluS,
394 3115 465 3158 cum
480 3115 537 3176 per
556 3103 661 3176 partes
683 3118 753 3160 suas
775 3101 881 3178 potius
903 3117 1002 3176 quam
1024 3117 1081 3178 per
1096 3119 1129 3160 se
1155 3107 1331 3174 moveatur,

248 3211 384 3290 ideoque
403 3213 485 3272 intra
499 3213 679 3274 immobiles
694 3216 864 3287 terminos,
882 3217 1033 3292 tanquam
1052 3211 1166 3276 lluvius
1183 3217 1216 3275 in
1232 3218 1335 3290 alve0,

247 3327 456 3402 contineatur,
476 3329 612 3388 eundem
634 3330 738 3389 locum
760 3331 972 3391 circumactus
994 3335 1105 3391 servat.
1129 3333 1247 3392 Locum
1272 3333 1337 3410 pri-

246 3459 334 3502 mum
345 3443 442 3520 igitur
457 3444 482 3502 si
497 3445 643 3504 statueris
659 3461 727 3504 esse
742 3446 942 3522 superficiem
958 3446 1044 3505 illam
1059 3447 1140 3506 intra
1156 3465 1251 3524 quam
1265 3465 1335 3508 mo-

247 3556 320 3616 bilis
335 3557 447 3617 anulus
469 3561 621 3630 versetur,
642 3559 710 3618 lieri
731 3561 848 3638 poterit
867 3564 901 3621 ut
925 3564 957 3620 et
973 3553 1205 3640 locus'primus
1222 3563 1264 3622 sit
1282 3581 1335 3623 su-

183 3835 189 3845 =
278 3811 311 3874 (l)
331 3811 419 3871 Plato,
439 3814 504 3874 Tine.
526 3819 555 3862 58
569 3815 599 3874 Ε,
616 3817 678 3863 eol
695 3833 700 3864 ι
715 3813 788 3864 πάλιν
802 3817 827 3864 δὲ
845 3815 1002 3873 ἐκπίπτοντος
1022 3817 1124 3867 αὐτόθεν
1139 3823 1181 3867 τοῦ
1200 3821 1274 3884 πυρὸς
1291 3821 1335 3868 ἅτε

246 3902 291 3949 οὐκ
305 3902 337 3958 εἷς
356 3903 425 3950 κενὸν
444 3903 547 3957 ἐξιόντος
565 3903 700 3966 ὠθούμενος
720 3905 849 3961 θττλησίον
872 3905 917 3967 ἀὴρ
939 3907 1063 3964 εὐκίνητον
1085 3907 1143 3956 ὄντα
1158 3909 1194 3956 ἔτι
1208 3910 1248 3957 τὸν
1263 3910 1333 3971 ὑγρὸν

244 3989 315 4052 ὄγκον
328 3992 360 4046 εἰς
375 3991 417 4048 τὰς
431 3997 475 4039 τοῦ
489 3993 562 4055 πυρὸς
577 3992 646 4056 ἕδρας
662 3995 778 4042 συνωθῶν
794 3995 867 4043 αὐτὸν
881 3997 960 4057 ἑαυτῷ
973 3995 1146 4058 σνμμίγνυσιν.

276 4077 308 4140 (2)
327 4078 410 4141 Phys.
428 4081 475 4141 lV,
493 4085 548 4138 215,
563 4093 585 4141 a,
602 4083 631 4128 14
647 4099 652 4130 :
670 4083 703 4131 ἐτι
721 4087 762 4130 νῦν
778 4085 822 4144 μὲν
836 4088 942 4132 κινεῖται
957 4086 987 4132 τὰ
1002 4079 1150 4148 ῥιπτούμενα
1164 4089 1208 4134 τοῦ
1222 4086 1335 4142 ὤσαντος

245 4167 291 4228 οὐχ
307 4169 454 4229 ἁπτομένου,
471 4171 485 4226 ἢ
501 4168 751 4232 δι’ᾰντιπερίστασιν,
767 4173 848 4234 ὥσπερ
859 4171 919 4221 ἐ’νιοί
934 4179 1014 4236 φασιν,
1027 4176 1042 4233 ἢ
1055 4174 1093 4222 διὰ
1105 4174 1132 4222 τὸ
1147 4176 1215 4224 ὠθεῖν
1226 4176 1268 4224 τὸν
1282 4177 1333 4225 dic·

245 4255 318 4304 θέντα
332 4255 423 4320 diepa„
