3160 5054
575 509 618 558 DE
635 507 720 558 Loco
737 506 901 558 SENSERIT.
1248 507 1288 562 43³

197 657 342 716 versetur
364 653 397 712 in
415 649 519 713 aeret.
540 654 696 713 Aeremne
711 655 818 710 eutem
836 647 954 723 totum,
978 669 1018 712 an
1035 657 1159 732 partem
1183 654 1280 714 aeris?

198 772 238 830 At
252 786 342 841 vcro,
362 785 436 829 cum
450 784 565 845 corpus
582 767 615 827 in
636 783 707 826 aere
726 766 825 826 situm
841 783 910 826 esse
926 767 1080 842 dicimus,
1097 785 1161 828 non
1175 786 1281 830 aerem

199 885 412 964 significamus
432 885 553 955 totum,
575 882 631 943 sed
649 885 771 960 partem
787 882 875 942 iilam
890 885 1063 943 extremam
1080 901 1151 961 quae
1167 901 1281 962 corpus

197 1000 299 1078 tangit
310 1003 403 1077 atque
417 998 660 1076 complectitur:
677 997 806 1074 quodni
822 998 866 1057 ito
879 997 974 1070 toret,
987 997 1053 1075 jam
1071 1016 1134 1058 non
1150 1000 1282 1077 aequalis

199 1114 325 1194 corpori
355 1114 444 1174 locus
473 1111 587 1174 esset?
617 1115 716 1173 Locus
749 1115 855 1172 autem
881 1112 935 1172 ille
966 1112 1006 1172 de
1034 1131 1096 1190 quo
1122 1114 1282 1192 loquimur

197 1231 307 1308 vulg0,
332 1247 428 1308 quem
447 1229 635 1289 Aristoteles
657 1232 795 1308 primum
817 1225 862 1306 (id
886 1230 934 1288 est
959 1227 1151 1308 proximum)
1174 1234 1279 1300 vocat,

198 1363 301 1423 neque
316 1345 417 1422 major
429 1361 531 1422 neque
544 1343 650 1403 minor
662 1361 699 1404 co
714 1360 845 1422 corpore
856 1343 920 1403 dici
933 1347 1038 1422 potest
1053 1344 1137 1420 quod
1153 1345 1198 1403 ibi
1211 1362 1282 1405 con-

198 1459 348 1521 tinetur³.
373 1462 502 1538 Exque
526 1461 576 1534 fit,
599 1460 704 1520 locum
726 1477 794 1520 esse
820 1459 1004 1520 interiorem
1025 1460 1215 1520 continentis
1235 1461 1281 1521 rei

199 1576 409 1654 superficiem.

238 1691 355 1762 Quibus
368 1689 516 1769 gradibus
529 1689 568 1750 ad
581 1707 652 1750 eam
666 1689 885 1750 definitionem
897 1690 1081 1750 Aristoteles
1093 1690 1280 1762 ascenderit,

199 1806 364 1866 meniicsto
377 1809 517 1884 apparet.
530 1805 672 1865 Primum
686 1805 770 1864 enim
783 1805 892 1882 rejecit
907 1805 1019 1866 inclusi
1033 1806 1174 1884 corporis
1190 1805 1283 1883 quid-

199 1921 276 1998 quid
298 1921 435 1982 alienum
454 1938 472 1980 a
490 1924 604 1980 notura
620 1919 682 1980 loci
698 1925 798 1992 esset,
818 1921 998 1995 materiam,
1014 1920 1163 1993 formem,
1185 1923 1282 1980 inter-

198 2035 328 2096 vallum.
350 2037 470 2114 Rejeoit
489 2035 604 2095 deinde
629 2035 820 2096 continentis
841 2036 888 2095 rei
911 2053 1120 2113 quaecumque
1144 2036 1184 2095 ad
1208 2053 1282 2114 pro-

199 2151 304 2230 prium
317 2151 457 2228 corporis
471 2151 586 2210 inclusi
598 2150 703 2211 locum
715 2151 874 2229 pertinere
885 2168 949 2210 non
958 2151 1159 2211 videbantur.
1175 2151 1283 2211 Priore

199 2266 350 2326 videlicet
364 2265 572 2344 rejectionum
590 2267 671 2326 serie
686 2265 725 2325 ed
741 2265 876 2326 sormam
889 2265 1079 2326 exteriorem
1096 2284 1152 2326 seu
1171 2267 1283 2326 termi-

199 2399 275 2441 num
288 2381 401 2441 inciusi
414 2364 554 2459 corporis
569 2381 722 2442 adductus
738 2384 795 2454 est,
810 2381 909 2442 altera
923 2385 1030 2442 eutem
1045 2380 1085 2442 ad
1099 2381 1283 2441 interiorem

198 2496 388 2556 continentis
411 2495 457 2556 rei
477 2497 687 2574 superficiem.
705 2495 765 2556 Sed
789 2496 862 2573 quie
880 2497 1034 2557 terminus
1050 2496 1190 2574 corporis
1210 2486 1283 2557 cnm

198 2629 331 2689 corpore
352 2615 506 2682 movetur,
529 2612 618 2672 iocus
640 2614 749 2672 autem
767 2611 872 2672 locum
889 2616 1010 2678 mutare
1031 2611 1158 2689 nequit,
1174 2611 1283 2688 rejecit

198 2726 328 2786 tandem
341 2727 481 2804 corporis
493 2727 605 2787 inclusi
616 2726 800 2799 terminum,
815 2726 894 2787 adeo
909 2730 945 2787 ut
955 2726 1036 2786 nihii
1048 2727 1114 2804 jam
1126 2727 1283 2803 reliquum

198 2841 345 2902 hebuerit
365 2843 426 2901 nisi
443 2843 614 2903 terminum
635 2841 682 2901 rei
703 2860 763 2919 que
777 2859 891 2921 corpus
908 2841 1065 2902 inclusum
1082 2842 1281 2920 tangebatur.

198 2958 281 3016 Duas
296 2957 402 3034 igitur,
417 2961 452 3018 ut
472 2958 517 3016 ita
529 2957 646 3031 dicam,
665 2957 762 3018 series
782 2957 991 3035 rejectionum
1005 2957 1038 3016 in
1053 2957 1196 3018 medium
1211 2975 1282 3018 ver-

197 3075 308 3148 gentes
331 3076 534 3150 persecutus,
563 3073 595 3131 in
622 3072 730 3132 medio
759 3072 860 3143 stetit,
886 3089 986 3150 eoque
1015 3072 1110 3132 modo
1139 3073 1284 3132 definivit

198 3186 317 3258 locum,
335 3191 370 3248 ut
385 3191 468 3248 esset
482 3188 614 3248 interior
627 3188 674 3248 rei
687 3187 878 3248 continentis
891 3188 1045 3249 terminus
1064 3193 1158 3265 atque
1176 3205 1284 3266 super<

199 3302 299 3362 ficies,

230 3514 263 3575 (i)
281 3514 363 3577 Phys.
377 3517 424 3589 iv,
440 3520 500 3575 212,
517 3529 544 3574 a,
562 3521 575 3564 2
592 3533 597 3563 :
615 3517 636 3564 εἰ
650 3515 730 3566 τοίνυν
746 3517 819 3578 μηδὲν
834 3521 883 3565 τῶν
899 3522 971 3581 τριῶν
984 3519 997 3566 ό
1011 3517 1083 3573 τόπος
1098 3517 1164 3578 ἐστί,
1181 3518 1241 3578 μήτε
1255 3519 1283 3567 τό

200 3604 262 3660 εἰδος
280 3605 364 3667 μήτεὴ
379 3605 424 3662 ὕλη
441 3607 501 3668 μήτε
515 3605 641 3668 διάστημά
652 3623 675 3653 τι
691 3607 729 3655 ἀεὶ
744 3605 856 3672 ὑπάρχον
869 3607 949 3672 ἕτερον
964 3607 1030 3669 παρὰ
1044 3607 1072 3655 τὸ
1087 3611 1129 3654 τοῦ
1141 3606 1283 3668 πράγματος

199 3697 244 3742 τοῦ
259 3695 446 3757 μεθισταμένου,
460 3694 553 3758 ἀνάγκη
569 3697 611 3744 τὸν
631 3694 704 3744 τόπον
724 3696 785 3745 εἶναι
801 3697 830 3744 τό
843 3697 928 3746 λοιπὸν
943 3697 992 3744 τῶν
1009 3696 1150 3761 τεσσάρων,
1165 3697 1192 3744 τό
1208 3695 1284 3759 πέρας

198 3786 243 3831 τοῦ
258 3783 412 3846 περιέχοντος
425 3784 549 3847 σώματος.

230 3869 262 3933 (2)
278 3869 358 3934 Phys.
375 3873 423 3931 lv,
439 3878 498 3931 211,
512 3886 540 3932 a,
556 3875 585 3922 24
600 3891 605 3922 :
620 3873 672 3922 ἐπεὶ
687 3873 712 3922 δὲ
726 3874 829 3937 λέγομεν
845 3875 907 3924 εἶναι
923 3877 954 3931 ὡς
969 3874 992 3923 ἐν
1007 3872 1075 3935 τόπῳ
1090 3874 1116 3922 ἐν
1128 3879 1163 3936 τῷ
1179 3873 1281 3939 οὐρανῷ,

197 3959 258 4008 διότι
272 3959 297 4008 ἐν
311 3964 345 4022 τῷ
359 3961 425 4026 ἀέρι,
439 3961 505 4018 οὗτος
517 3961 539 4010 δ’
553 3962 577 4010 ἐν
589 3966 624 4025 τῷ
639 3962 748 4026 οὐρανῷ,
764 3964 807 4013 καὶ
821 3963 845 4012 ἐν
861 3969 897 4025 τῷ
913 3964 967 4026 ἀέρι
982 3963 1008 4011 δὲ
1023 3963 1068 4012 οὐκ
1083 3964 1108 4012 ἐν
1123 3962 1207 4024 παντί,
1223 3962 1283 4010 ἀλλὰ

197 4047 277 4097 διὰτὸ
292 4049 397 4113 ἔσχατον
410 4051 484 4099 αὐτοῦ
498 4053 539 4099 καὶ
555 4051 669 4116 περιέχον
685 4052 709 4100 ἐν
723 4056 758 4114 τῷ
772 4052 823 4114 ἀέρι
838 4052 915 4115 ραμὲν
929 4053 1019 4102 εἶναι...

230 4136 264 4197 (3)
275 4137 354 4200 Pitye.
369 4141 415 4197 lv,
434 4143 493 4198 211,
509 4153 537 4196 ιι,
551 4143 581 4189 27
595 4156 603 4189 .·
618 4141 639 4190 εἰ
653 4141 699 4204 γὰρ
713 4145 759 4197 πᾶς
772 4141 785 4188 ό
799 4141 845 4202 ἀὴρ
856 4142 944 4202 τόπος,
961 4141 1006 4190 οὐκ
1019 4142 1047 4189 ἀν
1058 4141 1111 4196 ἰσος
1125 4141 1161 4198 εἴη
1176 4140 1283 4191 ἑκάστου

202 4225 216 4273 ό
229 4225 302 4284 τόπος
314 4228 355 4276 καὶ
367 4228 485 4290 Ιιιαστον,
501 4230 569 4279 δοκεῖ
582 4229 607 4278 δέ
620 4246 648 4291 γε
659 4229 712 4287 ἶσος
726 4231 797 4289 εἶναι,
812 4235 922 4286 τοιοῦτος
937 4231 957 4278 δ’
969 4232 982 4278 ὁ
994 4235 1091 4296 πρῶτος
1103 4230 1127 4278 ἐν
1144 4223 1163 4298 ᾧ
1177 4228 1250 4279 ἐστίν.
