3160 5054
278 487 308 534 63
663 481 743 536 Quin
760 479 977 528 ARISTOTELES

279 628 352 688 bem
364 625 539 698 volvantur,
556 627 598 696 et,
611 623 637 682 si
653 623 695 682 ita
709 622 796 701 loqui
812 622 919 695 liccat,
935 622 1017 682 intra
1032 622 1187 683 circulum
1202 623 1363 700 quendam

279 745 467 804 moveantur
488 737 676 816 qualitatum
694 756 713 800 a
729 738 880 817 progenie
903 755 960 798 sua
973 738 1222 800 renascentium.
1242 739 1287 798 Ex
1303 738 1365 799 cle-

279 856 395 920 mentis
409 855 567 916 continuis
580 854 794 932 cognatisque,
807 853 894 914 velut
910 870 981 913 acre
996 857 1027 914 et
1042 853 1123 932 igni,
1138 853 1275 914 eflicitur
1288 854 1364 914 soli-

279 971 355 1033 dum
376 969 497 1048 aliquid
522 969 610 1047 cujus
636 972 740 1048 partes
761 968 845 1029 inter
869 985 902 1028 se
923 967 1031 1030 locum
1052 973 1264 1041 commutant,
1287 969 1364 1031 dum

281 1087 394 1148 eodem
410 1101 536 1164 semper
549 1085 618 1145 loco
636 1085 758 1162 potitur
778 1084 973 1144 universum.
987 1083 1047 1144 Per
1059 1087 1164 1161 partes
1179 1084 1276 1163 igitur
1293 1103 1365 1146 suas

282 1202 389 1280 potius
402 1218 496 1278 quam
507 1217 563 1278 per
575 1217 607 1260 se
624 1199 780 1260 elementa
798 1202 974 1270 moventur,
992 1199 1060 1259 caeli
1077 1199 1187 1260 instar.
1207 1201 1251 1260 Ac
1265 1201 1365 1260 veluti

280 1317 380 1378 stellae
400 1316 476 1376 caelo
496 1315 611 1375 ultimo
632 1314 736 1374 infixae
754 1314 888 1374 eandem
908 1314 990 1374 inter
1009 1331 1042 1374 se
1060 1313 1304 1392 dispositionem
1318 1319 1365 1376 te-

279 1435 355 1492 nent
369 1431 446 1492 dum
466 1431 731 1507 circumaguntur,
748 1429 834 1490 haud
849 1429 988 1489 absimili
1006 1428 1102 1490 modo
1119 1429 1207 1490 idem
1225 1435 1366 1492 servatur

279 1547 373 1620 orda,
388 1545 498 1606 eadem
519 1544 716 1605 continuatio
732 1543 963 1604 elementorum
980 1562 999 1604 a
1015 1548 1098 1606 terra
1116 1545 1155 1606 ad
1173 1547 1287 1607 caelum
1305 1545 1366 1606 dis-

280 1662 473 1740 positorum,
492 1659 638 1736 quamvis
653 1663 757 1737 partes
772 1658 1017 1736 uniuscujusque
1035 1661 1167 1738 singulae
1183 1664 1215 1722 et
1232 1661 1366 1721 sormam

281 1777 409 1836 intense
426 1777 639 1844 commutent,
654 1777 686 1834 ct
697 1774 814 1834 locum.

324 1894 399 1952 liaec
410 1907 472 1950 non
484 1890 588 1950 solum
599 1889 720 1950 ratione
730 1890 939 1966 assequimur,
955 1890 1011 1950 sed
1023 1889 1099 1968 ipsis
1110 1891 1289 1952 Aristotelis
1300 1909 1368 1952 ver-

281 2006 331 2068 bis
352 2007 587 2067 confirmamus.
606 2005 754 2082 Legimus
770 2005 855 2066 enim
871 2005 904 2064 in
921 2005 1025 2084 primo
1044 2006 1125 2066 libro
1147 2007 1366 2084 Meteorologi-

282 2138 395 2182 corum
411 2123 553 2182 mutuam
570 2137 659 2197 aquae
676 2119 708 2178 in
721 2137 793 2180 aera
810 2120 955 2198 aerisque
975 2121 1008 2180 in
1025 2138 1138 2199 aquam
1157 2123 1367 2184 mutationem

282 2236 404 2296 imitari
422 2239 547 2296 motum
562 2235 637 2294 solis
652 2235 856 2296 circularem:
870 2239 1126 2314 exaquaetaere
1141 2237 1228 2298 velut
1239 2237 1368 2299 fluvium

277 2351 441 2430 -quendam
460 2351 546 2423 fieri,
565 2350 621 2427 qui
641 2349 753 2410 eodem
772 2354 916 2428 tempore
934 2368 1059 2412 sursum
1074 2369 1110 2412 ac
1130 2352 1278 2413 deorsum
1297 2371 1368 2414 ver-

283 2470 369 2528 setur
384 2463 408 2526 ⁴.
426 2465 562 2543 Scripsit
576 2465 662 2525 idem
683 2465 716 2524 in
736 2465 876 2526 secundo
890 2483 946 2526 suo
961 2468 1005 2526 De
1021 2466 1233 2540 Generatione
1248 2472 1278 2528 et
1299 2470 1368 2530 Cor-

282 2581 431 2660 rupiione
455 2579 552 2660 (haud
573 2580 640 2640 scio
663 2597 703 2640 an
726 2580 911 2642 Heracliteae
932 2581 1094 2658 quusdam
1117 2584 1282 2644 sententiae
1304 2600 1370 2644 me-

283 2695 388 2776 mor2)
413 2696 537 2768 omnia,
556 2712 626 2772 quae
655 2695 739 2755 inter
763 2712 797 2755 se
819 2700 1062 2770 commutentur,
1085 2701 1189 2758 motus
1208 2698 1369 2760 circularis

283 2811 529 2872 similitudinem
546 2809 680 2884 reserre;
697 2827 787 2888 aquae
803 2810 835 2870 in
846 2828 917 2871 acra
929 2811 1074 2888 aerisque
1090 2813 1250 2891 inaquam
1264 2818 1368 2874 muta·

283 2927 422 3000 tionem,
436 2925 589 3002 ·quamvis
609 2925 785 2986 secundum
809 2929 925 2986 rectam
945 2926 1062 2986 lineam
1079 2928 1133 2988 [iat
1149 2946 1219 3006 quae
1244 2947 1370 2990 sursum

284 3042 434 3102 deorsum
456 3041 566 3112 fertur,
584 3040 822 3102 continuatione
841 3027 949 3102 tame'n
967 3059 1022 3102 sua
1040 3047 1164 3104 motum
1183 3044 1370 3105 circularem

284 3156 402 3216 imitari
417 3153 441 3214 ³.
464 3155 641 3226 Quinetiam
667 3173 778 3215 causas
800 3156 985 3216 imitationis
1007 3156 1136 3235 hujusce
1157 3159 1191 3218 in
1209 3159 1371 3220 eodemli-

316 3324 348 3387 (1)
369 3324 510 3373 Meteorol.
527 3324 550 3384 i,
567 3325 626 3381 346,
645 3322 677 3384 b,
694 3327 724 3371 35
741 3341 746 3372 :
765 3323 854 3384 γίνεται
868 3324 893 3372 δὲ
907 3325 991 3376 κύκλος
1012 3325 1082 3382 οὗτος
1103 3328 1247 3389 μιμούμενος
1266 3329 1307 3376 τὸν
1327 3335 1371 3378 τοῦ

287 3413 355 3476 ἡλίου
364 3415 464 3462 κύκλον·
479 3414 533 3476 ἅμα
543 3413 588 3474 γὰρ
599 3413 693 3468 ἐκεῖνος
703 3413 736 3468 εἰς
748 3412 884 3472 τὰ’πλάγια
896 3414 1037 3475 μεταίάλλει
1050 3416 1090 3462 καὶ
1103 3415 1170 3471 οὗτος
1182 3417 1232 3464 ἅνω
1243 3419 1283 3465 καὶ
1294 3418 1370 3466 κάτω.

285 3504 333 3550 Καὶ
351 3503 388 3551 δεῖ
405 3509 491 3561 νοῆσαι
511 3506 594 3550 τοῦτον
618 3504 699 3564 ὥσπερ
717 3501 826 3564 ποταμὸν
850 3501 936 3566 ῥέοντα
955 3503 1035 3563 κύκλῳ
1055 3503 1106 3551 ἄνω
1129 3505 1170 3552 καὶ
1188 3502 1269 3564 κάτω,
1290 3507 1371 3555 κοινὸν

286 3589 354 3652 ἀέρος
368 3592 408 3638 καὶ
422 3591 515 3646 ὕδατος.

318 3678 351 3742 (2)
366 3678 437 3740 Diog.
453 3681 495 3726 La.
512 3680 585 3736 lX‚v8
600 3693 604 3724 ε
618 3678 658 3725 καὶ
671 3679 714 3736 τὴν
730 3678 862 3738 μεταὸολήν
879 3678 933 3727 ὁδὸν
949 3679 1000 3727 ἄνω
1011 3677 1079 3729 κάτω
1093 3683 1174 3729 τόντε
1188 3685 1281 3745 κόσμον
1294 3683 1371 3744 γίνεσ-

286 3771 325 3818 θαι
340 3769 403 3818 κατὰ
417 3764 535 3826 ταύτην...

318 3859 351 3921 (3)
367 3861 403 3906 De
418 3861 513 3907 (ἔμμεν.
530 3860 556 3906 ct
572 3857 712 3918 corrupt,
726 3857 758 3916 11,
775 3859 829 3916 337,
843 3870 865 3916 a,
883 3862 892 3904 1
911 3874 916 3905 :
930 3857 966 3906 διὸ
980 3858 1021 3906 καὶ
1034 3859 1110 3907 τᾶλλα
1123 3860 1170 3908 ὅσα
1182 3858 1327 3923 μεταὸἆὶλει
1339 3861 1372 3917 εἷς

284 3950 378 4007 ’ἄλληλα
394 3948 456 3996 κατὰ
473 3946 505 3994 τὰ
524 3945 589 4005 πάθη
604 3947 645 3996 καὶ
659 3946 702 4001 τὰς
723 3944 846 4008 δυνάμεις,
863 3948 913 3995 οἷον
933 3950 963 3995 τὰ
977 3949 1042 3996 ἁπλᾶ
1060 3951 1178 4012 σώματα,
1200 3954 1310 4010 μιμεῖται
1328 3952 1372 4008 τὴν

289 4037 370 4100 κύκλῳ
382 4034 464 4101 φοράν·
479 4035 592 4099 ὅτανγὰρ
607 4034 723 4091 ἐξύδκτος
735 4035 781 4098 ἁήρ
793 4035 888 4094 γένηται
899 4037 938 4084 καὶ
950 4037 974 4093 ἐξ
989 4037 1056 4097 triac:
1069 4043 1115 4100 πῦρ
1125 4039 1166 4086 καὶ
1179 4038 1249 4087 πάλιν
1263 4041 1288 4088 ἐκ
1299 4041 1372 4102 πυρὸς

288 4127 365 4188 ὕδωρ,
379 4126 459 4187 κύκλῳ
471 4125 546 4186 φαμὲν
558 4124 747 4186 περιεληλυθέναι
759 4124 803 4181 τήν
817 4122 911 4185 γένεσιν
925 4125 965 4173 διὰ
980 4126 1007 4173 τὸ
1019 4124 1092 4176 πάλιν
1107 4125 1281 4190 ἀνακάμπτειν.
1296 4127 1373 4178 Ὥστε

290 4215 330 4262 καὶ
345 4217 360 4276 ἡ
376 4213 456 4262 εὐθεῖα
468 4212 529 4277 φορὰ
544 4209 679 4274 μιμουμένη
694 4213 738 4271 τὴν
754 4211 835 4275 κύκλῳ
847 4213 946 4275 συνεχής
959 4213 1033 4262 ἐστιν.
