3160 5054
557 457 601 504 DE
617 453 703 504 [ιο00
720 455 881 504 sursulus.
1233 460 1261 506 13

180 601 287 658 tamen
304 595 435 656 interest
448 596 530 656 inter
545 596 651 656 locum
666 597 697 654 et
710 595 821 666 finem,
841 594 925 672 quod
939 595 1010 654 finis
1025 602 1093 655 unte
1108 613 1179 656 earn
1193 614 1261 658 rem

181 713 275 772 datur
298 729 368 790 quae
392 711 432 772 ad
456 712 552 770 linem
573 710 692 781 tendit,
712 709 802 770 loeus
825 712 930 769 autem
950 717 1017 786 post
1038 710 1208 789 dispositas
1232 716 1263 772 et

181 826 340 888 ordinatas
355 843 405 886 res
422 843 437 886 e
454 826 570 904 quibus
585 828 707 886 constat
722 824 913 886 universum.
931 825 977 885 Ad
993 825 1099 886 loeum
1112 826 1264 887 videlieet

181 942 277 1014 aeris,
292 942 374 1002 inter
385 941 494 1004 umida
509 947 540 1002 et
555 941 645 1020 ignea
657 941 808 1018 positum,
821 958 875 1001 aer
887 941 1004 1012 tendit,
1020 959 1083 1002 nen
1096 941 1181 1020 qued
1195 943 1264 1003 loco
1295 1013 1297 1019 ¹

181 1058 242 1118 iste
254 1059 341 1119 velut
353 1059 415 1118 fine
429 1057 567 1136 quodam
580 1056 764 1128 attrahatur,
778 1057 833 1117 sed
845 1057 921 1134 quia
932 1057 976 1117 ita
988 1058 1200 1119 conformatus
1211 1075 1265 1119 aer

182 1177 280 1233 estut
298 1173 380 1233 inter
397 1191 511 1251 aquam
530 1177 561 1234 et
579 1173 685 1250 ignem
706 1173 861 1250 quiescat,
881 1172 964 1233 intra
983 1176 1087 1254 cetera
1109 1173 1265 1234 elementa

181 1293 355 1349 moveatur.
375 1291 418 1349 Ex
431 1289 489 1349 hae
502 1289 571 1367 ipsa
592 1289 698 1366 quiete
717 1289 857 1349 nascitur
877 1289 1027 1348 naturalis
1049 1289 1130 1349 aeris
1150 1290 1261 1350 loeus:

182 1403 287 1465 locum
302 1404 400 1482 igitur
413 1404 603 1478 naturalem,
620 1421 692 1463 eum
709 1403 862 1464 naturalis
877 1404 1027 1463 motionis
1043 1422 1106 1464 non
1121 1405 1161 1464 sit
1174 1405 1261 1480 finis,

182 1519 237 1579 sed
257 1523 385 1580 eventus
405 1522 437 1580 et
454 1519 543 1596 quasi
563 1522 749 1597 proventus,
772 1518 879 1597 potius
899 1519 1030 1580 effeetus
1052 1537 1146 1597 quarn
1163 1537 1264 1581 causae
1305 1565 1306 1568 ,

183 1638 286 1713 partes
304 1652 395 1713 agere
410 1635 593 1694 dixerimus.

223 1749 399 1828 Supersunt
414 1749 596 1810 ratiunculae
617 1749 702 1824 duae,
721 1766 852 1826 quarum
868 1748 966 1809 altera
981 1749 1014 1809 in
1030 1749 1114 1810 hune
1134 1750 1265 1812 modum

183 1865 381 1926 concluditur
393 1883 399 1924 :
413 1865 439 1924 si
461 1865 547 1925 locus
563 1882 613 1925 res
628 1864 733 1936 fuerit,
749 1881 800 1925 res
811 1868 917 1924 autern
935 1869 1044 1924 cuneta
1055 1865 1088 1923 in
1098 1865 1186 1938 loco,
1204 1867 1265 1926 erit

183 2096 215 2154 in
235 2095 325 2156 illum
347 2113 441 2156 :eum
461 2113 554 2155 omne
574 2113 686 2173 corpus
704 2095 810 2155 locum
826 2095 981 2169 obtineat,
1003 2113 1132 2156 neeesse
1153 2099 1202 2156 est
1225 2095 1268 2156 lo·

184 2228 238 2271 cus
262 2211 366 2271 omnis
385 2227 521 2289 eorpore¹
540 2211 721 2289 impleatur.
745 2213 799 2283 At,
825 2210 851 2269 si
875 2210 920 2270 ita
947 2227 979 2270 se
1001 2228 1052 2270 res
1070 2211 1199 2284 habeat,
1222 2229 1270 2272 ae-

184 2326 281 2386 eretio
297 2344 465 2405 corporum
472 2327 539 2403 jam
553 2344 617 2386 nen
628 2329 733 2404 potest
747 2325 904 2404 intellegi,
918 2325 1038 2404 quippe
1052 2342 1122 2404 quae
1135 2344 1268 2388 vacuum

184 2441 337 2518 spatium,
355 2441 436 2501 intra
451 2441 536 2519 quod
550 2445 689 2526 crescant
704 2457 853 2519 corpora,
866 2440 1011 2501 videatur
1025 2440 1218 2518 postulare?

224 2556 437 2635 Excogitanda
457 2573 540 2616 nunc
557 2556 618 2616 loci
641 2555 795 2627 delinitie,
818 2573 887 2633 quae
907 2555 1135 2615 controversias
1157 2573 1267 2616 omnes

185 2672 323 2732 dirimat,
342 2674 516 2732 —Harum
538 2675 644 2731 autern
666 2671 811 2730 omnium
829 2669 1025 2748 principium
1044 2673 1075 2729 et
1092 2687 1219 2731 causam
1241 2671 1268 2730 si

187 2787 394 2866 expresseris,
413 2804 509 2848 unam
527 2786 661 2846 eandem
679 2786 823 2846 invenies
842 2785 998 2845 universis
1020 2785 1058 2845 de
1078 2786 1180 2863 spatio
1203 2785 1267 2846 dis·

185 2903 400 2982 putationibus
417 2902 615 2980 suppositam
635 2918 704 2961 esse
722 2901 933 2978 conjecturam
950 2918 957 2960 :
973 2900 1079 2960 locum
1094 2917 1163 2962 esse
1181 2917 1269 2979 sepa-

185 3023 290 3079 ratum
308 3018 442 3096 aliquid,
459 3016 545 3095 quod
560 3035 618 3096 per
637 3034 669 3076 se
689 3017 795 3095 ipsum
811 3019 943 3076 constet.
961 3016 1178 3094 conjecturam
1198 3034 1269 3076 eam

186 3133 370 3194 Aristoteles
387 3134 463 3193 alias
481 3136 570 3193 eruet
589 3135 620 3192 et
639 3135 747 3209 aperte
767 3131 967 3209 impugnabit
984 3149 991 3190 :
1008 3149 1092 3192 nune
1107 3131 1189 3192 eirea
1208 3135 1271 3191 ter·

185 3249 369 3326 giversatur.
386 3247 635 3326 Emancipalioni
651 3247 737 3307 enirn
751 3246 828 3318 loci,
846 3249 881 3306 ut
896 3246 939 3305 ita
954 3246 1074 3320 dicam,
1094 3246 1268 3318 adversari,

187 3364 326 3441 spatium
349 3382 365 3424 e
390 3364 576 3442 corporibus
600 3361 823 3440 intempestive
850 3379 1012 3440 egressum
1036 3361 1118 3421 intra
1140 3378 1272 3440 corpora

186 3497 295 3541 rursus
314 3480 492 3554 includere,
509 3478 569 3540 hoe
585 3477 763 3538 Aristotelis
784 3477 1000 3554 propositum,
1022 3476 1075 3536 hic
1094 3477 1191 3537 totius
1210 3477 1272 3536 dis-

187 3595 361 3674 putationis
381 3595 462 3654 finis.
482 3593 597 3654 -Sed
615 3593 762 3653 distinete
778 3596 809 3652 et
824 3609 861 3652 ex
877 3592 987 3652 ordine
1008 3591 1227 3670 procedamus

219 3746 252 3809 (1)
271 3745 348 3809 Phys.
364 3746 406 3804 lv,
420 3748 475 3807 209,
491 3759 513 3804 a,
528 3748 557 3793 23
572 3763 577 3793 z
594 3743 630 3793 ἔτι
645 3744 671 3792 δὲ
685 3744 726 3792 καὶ
740 3742 811 3797 αὐτὸς
824 3742 844 3790 εἰ
856 3741 907 3790 ἔστι
922 3759 946 3790 τι
961 3743 1010 3790 τῶν
1027 3742 1113 3800 όντων,
1126 3746 1174 3790 ποῦ
1187 3742 1268 3803 {nram

187 3838 203 3898 ἡ
218 3837 264 3901 γὰρ
276 3836 387 3892 Ζήνωνος
410 3833 503 3898 ἀπορία
524 3837 591 3892 ζητεῖ
605 3833 659 3880 τινὰ
673 3831 753 3895 λόγον·
769 3832 790 3880 εἰ
804 3830 849 3894 γὰρ
863 3835 911 3879 πᾶν
925 3831 952 3879 τό
968 3831 994 3880 ὂν
1010 3831 1034 3879 ἐν
1049 3830 1130 3894 τόπῳ,
1147 3831 1217 3889 δῆλον
1233 3830 1269 3879 ’ότι

187 3927 285 3974 καὶτοῦ
298 3924 375 4002 τόπρυ
386 3923 459 3979 τόπος
472 3921 548 3981 ἔσται,
563 3922 605 3970 καὶ
618 3926 689 3970 τοῦτο
704 3923 737 3976 εἰς
750 3921 848 3984 ἄπειρον
862 3919 982 3985 πρόεισιν.

220 4013 252 4076 (l)
268 4012 349 4076 Phys.
365 4014 408 4070 IV,
422 4016 475 4074 209,
492 4025 514 4070 a,
531 4013 560 4060 26
577 4028 582 4060 ι
598 4010 634 4060 ἔτι
649 4012 732 4075 ὥσπερ
743 4009 807 4058 ἅπαν
821 4014 895 4072 σῶμα
910 4011 933 4058 ἐν
948 4009 1024 4070 τόπῳ,
1040 4009 1154 4057 οὕτωκαὶ
1164 4008 1189 4057 ἐν
1201 4007 1271 4072 τόπῳ

189 4103 277 4152 ἅπαντι
292 4106 373 4166 σῶμα·
389 4106 440 4158 πῶς
455 4100 497 4150 οὖν
509 4102 608 4166 ἐροῦμεν
624 4100 679 4165 περὶ
694 4103 743 4148 τῶν
759 4098 944 4160 αὐξανομένωνς
966 4097 1060 4160 ἀνάγκη
1074 4097 1120 4160 γὰρ
1136 4096 1272 4146 ἐκτοότων

190 4193 350 4250 συναύξεσθαι
365 4193 407 4242 τόν
422 4190 496 4240 τόπον
513 4190 602 4248 αὐτοῖς,
620 4190 640 4238 εἰ
654 4187 714 4251 μήτ’
729 4185 834 4236 ἐλάττων
855 4187 916 4250 μήτε
936 4186 1021 4250 μείζων
1036 4188 1049 4235 ὁ
1064 4185 1137 4242 τόπος
1151 4185 1271 4236 ἑκάστου,
