3160 5054
296 552 327 598 uo
549 607 554 614 ,
673 545 762 601 oum
778 543 991 593 auisroruuas

296 691 491 752 confirmata.
504 687 657 767 Legimus
678 686 811 748 enimin
835 704 872 747 eo
894 686 975 747 libro
992 686 1048 765 qui
1063 687 1107 748 De
1122 685 1329 746 Generatione
1347 689 1378 745 et

297 805 503 884 Corruptionc
517 804 711 878 inscribitur,
726 819 789 864 non
803 803 918 864 mutari
934 819 1026 882 posse
1040 819 1111 862 aera
1126 802 1158 861 in
1173 811 1288 879 aquam
1301 801 1378 878 quin

295 921 382 1000 prior
407 921 507 981 forma
529 920 679 982 radicitus
700 923 823 999 pereat,
848 919 947 980 altera
960 921 1066 980 autem
1083 915 1298 996 procreetur⁴.
1316 918 1377 977 Ra-

294 1037 375 1098 tioni
390 1036 485 1116 igitur
503 1041 748 1098 consentancum
763 1040 827 1110 est,
846 1035 980 1096 sormam
995 1035 1100 1114 potius
1116 1050 1211 1112 quam
1221 1031 1379 1111 magnitu-

295 1148 403 1209 dinem
422 1152 533 1226 quarto
550 1151 734 1226 argumento
757 1151 864 1208 nostro
890 1146 1069 1226 significari.
1094 1145 1197 1206 Possit
1219 1148 1325 1206 tamen
1347 1147 1378 1204 et

295 1262 348 1324 illa
375 1263 594 1342 interpretatio
621 1263 660 1323 ad
685 1263 764 1324 hanc
792 1262 909 1342 redigi,
944 1261 1093 1340 quoniam
1119 1259 1318 1338 magnitude,
1343 1261 1378 1319 ut

294 1378 394 1440 torma
410 1378 545 1453 nonsit,
563 1377 681 1456 aliquid
696 1382 803 1440 tamen
818 1377 928 1438 iormae
944 1381 1001 1438 est.

334 1495 497 1556 Summam
515 1494 613 1555 totius
629 1493 853 1573 disputationis
873 1493 1062 1554 utbreviter
1079 1491 1314 1563 contrahamuS,
1331 1489 1377 1549 lo-

294 1627 347 1670 cus
363 1627 466 1688 neque
484 1609 614 1670 materia
629 1613 676 1670 est
697 1627 800 1688 neque
821 1609 935 1682 forma,
952 1609 1026 1687 quia
1043 1608 1138 1670 sociae
1157 1625 1193 1669 ac
1207 1606 1377 1686 participes

294 1726 435 1805 corporis
457 1725 670 1818 fortunarum,
695 1725 721 1785 si
750 1726 793 1786 ita
819 1725 907 1804 loqui
932 1725 1039 1797 liceat,
1068 1724 1200 1786 materia
1225 1727 1257 1784 et
1277 1721 1378 1783 forma

293 1841 451 1916 videntur,
472 1843 561 1903 locus
580 1846 687 1903 autem
704 1841 904 1902 fortunarum
924 1859 1032 1902 earum
1050 1839 1141 1902 testis
1163 1839 1324 1898 immotus.
1342 1837 1377 1896 ln

294 1951 425 2013 intimos
436 1969 511 2013 vero
522 1952 702 2012 Aristotelis
711 1969 822 2013 sensus
834 1952 860 2012 si
874 1952 1000 2031 penitus
1011 1949 1224 2023 descenderis,
1236 1947 1377 2009 invenies

295 2067 445 2128 subtilius
463 2067 622 2145 quoddam
639 2068 767 2128 subesse
783 2067 931 2129 omnihus
945 2065 1140 2146 argumentis
1153 2064 1346 2144 principium
1367 2081 1374 2122 :

295 2200 364 2244 eam
386 2200 454 2243 esse
476 2183 616 2244 materiae
638 2200 675 2243 ac
694 2183 804 2243 formae
824 2182 907 2242 inter
926 2199 959 2242 se
981 2181 1187 2242 conexionem
1212 2178 1376 2240 continua-

295 2299 494 2378 tionemque,
509 2303 543 2360 ut
558 2298 664 2361 dicere
679 2315 820 2377 nequeas
834 2298 889 2359 ubi
904 2297 1035 2376 incipiat
1047 2297 1162 2369 torma,
1180 2296 1234 2358 ubi
1247 2294 1378 2357 materia

295 2414 420 2488 desinat
445 2433 452 2476 :
480 2416 585 2477 locum
610 2419 715 2476 autem
739 2432 809 2476 esse
837 2417 958 2475 certum
985 2413 1214 2491 definitumque
1239 2410 1376 2488 aliquid,

295 2531 462 2610 nequead
490 2529 624 2592 sormam
648 2531 748 2610 redigi
773 2547 866 2610 posse
894 2530 970 2608 quin
996 2529 1104 2590 statim
1129 2547 1202 2590 cum
1228 2527 1375 2600 materia,

294 2645 390 2724 igitur
422 2664 495 2708 cum
533 2664 664 2728 corpore
697 2647 765 2726 ipso
792 2644 994 2708 misceatur&
1026 2649 1091 2706 Hoc
1119 2662 1228 2718 sensu,
1265 2660 1376 2721 parum

295 2767 496 2842 exprompto,
513 2762 677 2842 intelleges
701 2766 800 2823 totam
815 2761 1122 2840 argumentationem
1138 2759 1307 2833 contineri,
1328 2738 1378 2833 et,

295 2881 329 2939 ut
343 2879 387 2940 ita
402 2877 516 2952 dicam,
531 2878 615 2940 intus
630 2879 681 2940 ali.

326 3109 359 3173 (1)
377 3111 413 3159 Do
429 3112 521 3159 Gener.
541 3111 565 3160 ct
582 3110 776 3172 corruptione,
792 3111 811 3169 1,
827 3113 886 3168 319,
901 3108 930 3168 b,
949 3111 977 3159 14
994 3124 999 3155 :
1016 3107 1073 3156 ὅταν
1093 3106 1175 3157 δ’ὅλον
1191 3105 1328 3170 peractus,
1345 3107 1378 3168 μὴ

293 3199 459 3262 ὑπομένοντος
474 3200 591 3257 αἰσθητοῦ
607 3200 673 3256 τινὸς
687 3203 720 3256 ὡς
733 3199 899 3263 ὑποκειμένου
915 3203 958 3247 τοῦ
971 3197 1060 3259 αὐτοῦ,
1074 3195 1130 3246 ἀλλ’
1141 3197 1193 3246 οἷον
1213 3197 1241 3245 ἐκ
1255 3200 1296 3254 τῆς
1308 3200 1381 3256 γονῆς

294 3290 357 3352 αἷμα
370 3288 475 3348 πάσηςῆ
489 3289 512 3344 ἐξ
527 3289 617 3345 ὕδατος
628 3289 674 3353 ᾰήρ
689 3291 703 3348 ἢ
716 3289 740 3346 ἐξ
752 3287 824 3352 ἀέρος
837 3289 929 3344 παντὸς
943 3287 1023 3352 ὕδωρ,
1038 3288 1130 3349 γένεσις
1141 3287 1188 3346 ἤδη
1209 3286 1237 3334 τὸ
1257 3289 1379 3344 τοιοῦτον,

295 3381 340 3428 τοῦ
354 3377 380 3426 δὲ
396 3375 481 3443 φθορά.

328 3466 361 3530 (2)
378 3463 457 3530 Phys
474 3468 516 3526 lv,
529 3471 583 3525 209,
595 3465 620 3525 b,
635 3470 661 3516 17
676 3485 680 3516 :
695 3467 793 3524 εἰκότως
806 3467 862 3516 δ’ἐκ
873 3461 968 3517 τούτων
983 3467 1159 3530 σκοπουμένοις
1172 3465 1261 3522 δόξειεν
1275 3465 1303 3513 ἂν
1315 3463 1379 3512 εἶναι

293 3558 402 3620 χαλεπὸν
413 3557 531 3621 γνωρίσαι
543 3557 567 3604 τί
579 3556 646 3606 ἐστιν
661 3557 768 3618 ὁτὸπος,
784 3558 852 3623 εἴπερ
866 3550 961 3606 τούτων
976 3557 1133 3618 ὁποτερονοῦν
1148 3554 1229 3616 ἐστίν,
1243 3554 1292 3602 εἴτε
1306 3556 1322 3612 ἠ
1334 3553 1379 3611 ὕλη

293 3647 343 3696 εἴτε
355 3645 383 3694 τὸ
395 3645 466 3702 εἶδος·
480 3647 556 3704 ἄλλως
568 3663 594 3696 τε
606 3646 652 3711 γὰρ
671 3647 714 3704 τήν
728 3645 866 3712 ἀκροτάτην
881 3645 932 3710 ἔχει
944 3645 1011 3708 θέαν,
1024 3646 1066 3694 καὶ
1080 3645 1154 3710 χωρὶς
1170 3644 1278 3702 ἀλλήλων
1294 3643 1322 3692 οὐ
1335 3641 1380 3707 ῥά·

296 3737 346 3784 διον
360 3735 498 3802 γνωρίζειν.
