3160 5054
816 1071 854 1128 ll.

315 1299 386 1373 (lua
397 1297 608 1376 difficultates.
621 1304 742 1358 auctore
756 1299 934 1372 Aristotele,
949 1301 1010 1359 siut
1023 1301 1061 1360 do
1073 1301 1138 1360 luco
1154 1299 1382 1380 disputantibus

746 1433 921 1473 ocannru.

332 1646 382 1706 Ad
397 1645 498 1724 ipsam
514 1645 576 1704 loci
591 1644 840 1721 descriptionem
855 1645 1043 1721 priusquam
1058 1645 1271 1722 aggrediatur,
1289 1648 1378 1706 Aris-

293 1761 421 1831 toteles,
445 1761 526 1820 sicut
550 1761 579 1818 ei
603 1777 673 1819 mos
696 1765 761 1829 est,
786 1765 938 1836 quantum
961 1778 1013 1819 res
1036 1759 1150 1820 habeat
1173 1763 1380 1822 obscuritatis

294 1876 433 1936 ostendit
453 1881 485 1934 et
507 1875 591 1934 hand
608 1876 676 1934 scio
696 1892 737 1933 an
751 1874 938 1934 disserendo
959 1875 1142 1952 amplificet.
1159 1877 1380 1946 Quaerentibus

294 1993 381 2051 enim
395 1991 557 2068 quodnam
571 1991 604 2049 in
617 2008 717 2067 genus
730 1991 820 2049 locus
835 1989 970 2062 incidat,
988 1991 1089 2049 multa
1103 2008 1275 2050 occursura
1290 1991 1379 2050 Aris-

293 2107 407 2166 toteles
421 2106 600 2178 denuntiat,
617 2106 742 2165 diversa
760 2105 906 2181 quidem.
923 2105 1044 2182 pariter
1057 2111 1164 2166 tamen
1183 2106 1381 2184 insuperabi-

293 2223 350 2294 lia,
370 2223 438 2281 sise
458 2223 564 2281 locum
584 2221 767 2297 redegerint
783 2220 823 2280 ad
838 2220 957 2280 molem
977 2237 1180 2298 corpoream,
1196 2222 1264 2281 sive
1282 2222 1380 2280 aliam

294 2337 468 2414 quamlibet
491 2341 637 2395 naturam
657 2336 828 2395 maluerint
840 2334 863 2393 ¹.
888 2336 1032 2395 Primum
1047 2337 1154 2412 igitur,
1179 2337 1299 2396 molem
1314 2353 1381 2396 cor-

293 2452 381 2529 poris
406 2451 539 2510 eandem
565 2468 633 2510 rem
658 2469 728 2510 esse
753 2457 851 2527 atque
873 2451 1015 2528 corporis
1042 2451 1149 2511 locum
1178 2451 1239 2510 tria
1267 2469 1303 2511 ea
1330 2452 1380 2510 si·

294 2565 410 2626 dentur
432 2566 594 2625 declarare
623 2583 694 2642 quae
717 2571 790 2625 sunl
818 2567 891 2625 loco
915 2583 988 2626 cum
1017 2583 1150 2643 corpore
1179 2567 1378 2638 communia,

293 2681 469 2758 longitudo,
480 2680 615 2740 latitudo
628 2687 659 2740 et
674 2681 811 2740 altitudo
821 2679 846 2738 ².
861 2681 908 2740 Ad
924 2682 1116 2740 contrariam
1130 2685 1240 2742 autem
1253 2687 1381 2741 senten·

292 2796 372 2856 tiam
385 2795 591 2866 adducemur,
608 2796 635 2854 si
647 2795 952 2856 consideraverimus
968 2814 1032 2855 non
1047 2814 1142 2873 posse
1157 2797 1220 2856 duo
1232 2798 1267 2856 in
1279 2815 1381 2858 unum

294 2928 428 2988 corpora
445 2909 578 2970 coire':
600 2910 687 2987 quod
705 2911 794 2969 fieret
809 2911 992 2977 manifesto,
1009 2912 1035 2970 si
1050 2912 1158 2970 locum
1177 2913 1301 2989 ipsum,
1324 2914 1380 2974 ubi

293 3044 409 3104 corpus
421 3027 521 3104 jacet,
536 3043 595 3104 pro
606 3043 738 3104 corpore
753 3025 954 3085 haberemus.
970 3027 1114 3086 Abeunte
1129 3027 1216 3086 enim
1230 3045 1378 3105 corporo,

292 3145 399 3200 manet
413 3141 500 3201 locus
512 3159 520 3200 :
532 3158 572 3200 ex
585 3159 648 3218 quo
663 3141 745 3200 effici
760 3140 867 3217 debet,
878 3146 913 3200 ut
928 3145 981 3201 aut
993 3141 1159 3201 abhorreat
1168 3143 1261 3202 locus
1274 3160 1293 3202 a
1307 3160 1380 3202 cur·

292 3257 380 3334 poris
402 3261 529 3327 natura,
549 3261 604 3316 aut
626 3257 689 3316 duo
708 3256 804 3316 simul
821 3257 956 3316 alterum
978 3257 1009 3314 in
1031 3257 1132 3316 altero
1154 3274 1287 3335 corpora
1308 3275 1379 3318 esse

293 3371 468 3433 sideantur.

331 3488 410 3546 Ecce
426 3491 535 3547 autem
552 3503 616 3545 non
635 3487 740 3546 solum
754 3504 817 3546 non
835 3486 1006 3546 abhorrere
1024 3487 1132 3547 locum
1145 3505 1164 3546 a
1177 3493 1292 3548 natura
1308 3506 1378 3548 cor·

290 3601 394 3680 poris,
416 3602 473 3661 sed
497 3601 640 3679 ejusdem
659 3607 779 3662 naturae
801 3619 896 3678 quam
917 3603 1055 3661 maxime
1079 3603 1270 3681 participem
1290 3621 1376 3677 esse,

321 3795 351 3857 (t)
366 3795 449 3857 Pbps.
460 3797 504 3852 IV,
518 3799 572 3847 209,
585 3809 608 3852 a,
624 3799 640 3844 4
655 3814 661 3843 :
675 3797 704 3844 οὗ
716 3798 763 3854 piu
777 3795 833 3844 ffl’
844 3797 896 3859 ἔχει
907 3797 1022 3860 ἀπορίαν.
1038 3796 1059 3844 εἰ
1072 3797 1140 3851 ἔστι,
1152 3798 1176 3844 τί
1194 3798 1258 3854 ἐστι,
1272 3797 1377 3862 πότερον

289 3886 406 3946 dynasta
419 3885 534 3946 σώμιτος
549 3886 565 3941 ᾖ
579 3901 615 3940 τις
628 3885 702 3948 ἑτέρα
717 3880 797 3947 pica·
813 3887 930 3943 ζητητέον
944 3886 991 3949 γὰρ
1007 3887 1036 3934 τὸ
1049 3886 1122 3947 γένος
1135 3887 1212 3935 αὐτοῦ
1226 3892 1334 3951 πρῶτον.

319 3973 350 4034 ζῖ,
365 3973 448 4036 Pltys.
464 3975 512 4034 tv,
524 3977 579 4032 209,
594 3987 618 4030 a,
631 3979 646 4023 5
660 3992 665 4022 :
679 3975 836 4036 διαστήματα
847 3974 892 4036 μὲν
907 3973 950 4023 οὖν
963 3975 1014 4037 ἔχει
1029 3975 1098 4036 τρία,
1114 3976 1206 4035 μήκους
1218 3977 1261 4023 ui
1271 3975 1379 4031 πλάτους

288 4063 331 4110 ui
342 4063 445 4124 βάθους,
456 4063 493 4119 οἷς
504 4064 609 4128 ὁρίζεται
622 4068 696 4124 σῶμα
708 4068 767 4111 πᾶν.
1110 4113 1113 4117 ,

322 4152 350 4213 ’3,
367 4151 448 4214 Pltys.
460 4153 511 4210 IV,
526 4155 588 4209 209,
604 4165 629 4213 a,
645 4157 661 4200 ὃ
677 4169 682 4199 :
699 4153 820 4200 ἀδύνατον
834 4152 860 4200 δὲ
876 4157 949 4214 σῶμα
965 4152 1025 4200 εἶναι
1040 4153 1083 4201 τὸν
1096 4152 1182 4200 τόπον·
1197 4153 1223 4200 ἐν
1233 4153 1318 4214 ταύτῷ
1330 4152 1378 4217 γὰρ

289 4240 318 4286 ἂν
330 4239 368 4296 εἶτ,
379 4241 424 4288 δύο
437 4242 553 4302 σώματι
