3160 5054
333 480 363 526 78
718 479 799 535 QUID
815 479 1034 530 ARISTOTELES

331 625 451 692 ratum,
481 637 584 697 neque
616 637 672 697 per
697 621 1018 682 communicationem
1042 623 1157 696 ullam,
1186 624 1240 685 sed
1263 631 1420 688 concentu

330 735 467 812 quodam
484 735 661 812 praestituto
682 735 796 796 ceteris
815 735 1020 815 respondere.
1037 739 1222 800 Aristoteles
1242 757 1317 802 vero
1340 760 1418 803 con-

330 867 459 910 sensum
473 850 693 928 hujuscemodi
711 867 813 928 neque
835 852 942 912 animo
957 853 1119 931 concepit,
1135 872 1237 932 neque
1254 857 1368 930 etiam,
1388 859 1415 918 si

329 966 536 1044 concepisset,
550 965 762 1026 necessarium
775 966 825 1027 vel
841 967 937 1027 etiam
959 968 1070 1028 utilem
1085 969 1319 1032 aestimavisset.
1340 973 1418 1033 Con-

329 1082 410 1140 stitit
422 1082 518 1158 igitur
532 1080 564 1141 in
580 1082 746 1159 superficie
759 1082 915 1160 corporis,
935 1084 1120 1162 corporique
1135 1085 1193 1145 toti
1209 1086 1314 1146 locum
1336 1089 1417 1147 assi-

327 1197 434 1275 gnavit
450 1201 537 1272 actu,
554 1197 696 1274 partibus
715 1200 821 1257 autem
836 1201 991 1276 potestate
1006 1200 1238 1261 tantummodo.
1256 1203 1315 1262 Per
1335 1202 1416 1263 hanc

327 1312 564 1372 distinctionem
579 1312 669 1372 licuit
683 1312 842 1372 Aristoteli
858 1317 890 1374 et
904 1314 1096 1374 incolumem
1111 1332 1234 1376 servare
1248 1334 1415 1394 corporea-

325 1449 396 1492 rum
419 1431 557 1510 partium
576 1431 658 1490 inter
673 1448 705 1490 se
727 1432 1009 1506 continuationem,
1030 1437 1061 1493 et
1079 1450 1116 1494 eo
1133 1435 1229 1495 modo
1245 1435 1284 1496 de
1307 1438 1410 1515 spatio

324 1546 495 1619 disserere,
511 1549 545 1607 ut
563 1545 642 1606 nihil
656 1563 706 1606 res
721 1547 761 1606 ad
777 1547 994 1608 extensionem
1011 1549 1169 1626 pertinere
1184 1551 1355 1636 videretur.
1374 1553 1410 1612 In
1498 1553 1499 1556 ’

323 1661 380 1721 hac
395 1661 491 1740 igitur
512 1664 599 1722 aetus
615 1661 828 1740 potentiaeque
843 1662 1045 1724 distinctione
1068 1663 1208 1725 invenies
1221 1665 1415 1727 Aristoteliae
1457 1677 1462 1686 '

322 1776 516 1855 disciplinae,
534 1779 687 1854 quatenus
705 1777 812 1838 locum
826 1779 866 1837 ab
886 1779 1069 1840 extensione
1088 1779 1257 1858 disjungit,
1275 1781 1409 1843 nodum.

363 1894 402 1952 Ut
426 1893 533 1969 paucis
559 1908 626 1952 rem
649 1891 862 1965 absolvamus,
880 1893 1039 1972 duplicem
1065 1893 1209 1956 dicemus
1234 1913 1303 1956 esse
1327 1897 1409 1968 loci,

321 2009 452 2068 alteram
473 2025 546 2068 eum
570 2007 707 2080 infinito,
724 2009 857 2068 alteram
876 2027 948 2069 cum
968 2010 1150 2076 extensione
1166 2011 1407 2088 cognationem,

247 2155 250 2165 s
324 2123 356 2182 in
380 2141 442 2200 qua
461 2122 649 2182 illustranda
667 2123 859 2183 recentiores
883 2124 1066 2202 philosophi
1089 2125 1227 2204 graviter
1247 2127 1411 2188 laborave-

322 2242 408 2298 runt.
425 2237 610 2298 Aristoteles
625 2255 699 2298 vero
712 2238 756 2298 ita
770 2239 877 2298 locum
891 2257 1087 2311 communem,
1101 2241 1145 2300 ita
1158 2241 1265 2302 locum
1276 2245 1412 2320 primum

322 2353 494 2427 describit,
513 2355 548 2413 ut
564 2352 691 2413 hincab
707 2353 904 2426 extensione,
922 2354 1010 2414 illinc
1024 2355 1063 2414 ab
1080 2355 1204 2416 infinito
1222 2357 1326 2416 locum
1342 2357 1409 2416 dis-

318 2470 447 2548 J'ungat,
474 2468 748 2546 quaestionemque
775 2469 863 2528 illam
890 2469 1065 2547 duplicem,
1092 2488 1154 2549 qua
1177 2472 1410 2549 torquebuntur

320 2584 455 2662 posteri,
472 2583 580 2660 potius
596 2584 786 2644 submovere
802 2601 897 2661 quam
912 2585 1061 2663 expedire
1076 2587 1231 2646 videatur.

359 2698 592 2777 vituperandus
609 2698 739 2776 quidem
754 2699 794 2758 ob
809 2700 841 2759 id
859 2703 942 2760 esset
955 2700 1149 2773 Aristoteles
1168 2701 1230 2761 nisi
1253 2702 1314 2761 sibi
1337 2719 1407 2762 con-

320 2815 408 2874 scius
423 2813 535 2874 luisset
551 2814 736 2891 quaestionis
757 2816 921 2876 submotae.
938 2817 977 2876 nt
995 2833 1098 2894 neque
1119 2816 1276 2895 ignoravit
1290 2819 1405 2877 Demo-

320 2929 391 2989 criti
402 2928 441 2988 de
453 2929 555 3006 spatio
568 2946 664 2989 vacuo
676 2929 864 3008 infinitoque
875 2930 1060 3003 doctrinam,
1074 2935 1105 2992 et
1117 2931 1195 2992 illud
1208 2932 1259 2992 vel
1268 2933 1404 2992 maxime

319 3043 426 3122 posuit
436 3044 468 3103 in
477 3043 568 3104 laude
581 3044 730 3120 Platonis
744 3045 830 3122 quod
841 3046 962 3124 primus
971 3045 1022 3106 hic
1034 3046 1072 3106 de
1081 3046 1150 3107 loco
1162 3047 1367 3108 disseruisset
1378 3047 1402 3106 ⁴.

319 3159 525 3220 Dillicultates
564 3159 662 3237 igitur
694 3178 765 3237 quae
799 3161 943 3222 oriuntur
976 3161 1119 3239 espatio
1154 3166 1262 3223 nostro
1301 3163 1403 3223 libero

318 3293 355 3335 ac
371 3275 473 3335 soluto
489 3274 667 3352 praesensit,
687 3275 786 3334 immo
805 3277 996 3336 existimavit
1016 3277 1268 3354 insuperabiles:
1287 3278 1320 3337 in
1340 3295 1402 3356 quo

316 3391 369 3450 vix
383 3391 563 3468 peccavisse
576 3391 669 3452 nobis
681 3389 854 3466 videbitur,
872 3394 898 3453 si
918 3393 1234 3455 animadverterimus
1247 3395 1402 3455 recentio-

315 3522 383 3566 rem
400 3524 469 3568 esse
481 3525 516 3568 ac
533 3525 624 3586 paene
639 3508 834 3580 hesternam,
852 3514 1007 3586 quatenus
1019 3509 1059 3569 ad
1070 3509 1285 3587 cognitionem
1299 3510 1401 3587 ipsam

315 3621 422 3699 potius
452 3640 547 3700 quam
573 3622 688 3683 adres
716 3624 857 3702 cognitas
879 3625 1033 3703 pertinet,
1059 3625 1168 3684 formae
1197 3625 1400 3702 materiaequ'e

316 3737 563 3798 distinctionem.
586 3739 726 3817 Spatium
747 3756 836 3818 ergo,
860 3743 1050 3818 praemature
1070 3757 1087 3799 a
1108 3740 1268 3818 Leucippo
1286 3742 1400 3800 Demo-

316 3853 459 3932 critoque
485 3855 731 3934 emancipatum,
753 3873 790 3916 eo
805 3856 901 3917 modo
920 3856 1018 3917 voluit
1039 3855 1072 3915 in
1087 3873 1219 3934 corpora
1237 3855 1348 3916 reduci
1365 3860 1399 3916 ut

347 4117 380 4181 (1)
395 4118 475 4178 Pltps.
492 4119 533 4178 lV,
548 4124 602 4180 209,
616 4119 641 4180 b,
657 4125 685 4169 16
701 4140 706 4171 :
722 4123 819 4186 λέγουσι
834 4123 876 4187 μὲν
892 4123 936 4188 γὰρ
947 4121 1034 4180 πάντες
1044 4124 1105 4174 εἶναί
1117 4140 1140 4173 τι
1150 4123 1190 4173 τὸν
1201 4121 1282 4182 τόπον,
1296 4123 1319 4172 τί
1333 4123 1399 4174 δ’ἐσ-

313 4208 363 4268 τίν,
377 4205 445 4264 οὗτος
458 4210 530 4271 μόνος
546 4209 699 4276 ἐπεχείρησεν
716 4213 802 4261 εἰπεῖν.
