3160 5054
590 525 634 574 Du
651 524 737 574 Loco
755 525 918 576 SENSERIT.
1266 528 1296 574 53

213 670 309 732 ticula
331 669 429 748 igitur
451 674 543 730 terra
565 686 763 747 unaquaeque
780 653 844 728 non
867 672 986 728 terram
999 667 1136 747 appetit,
1156 683 1220 726 non
1240 684 1295 726 va-

213 803 307 846 euum
332 784 544 856 intervallum,
571 784 627 846 sed
650 801 755 862 aquae,
778 788 812 845 ut
832 784 875 844 ita
895 783 1012 857 dicam,
1037 767 1236 860 complexum
1259 798 1295 842 ae

212 900 416 962 vicinitatem.
431 901 580 978 Legimus
592 900 677 960 enim
692 899 725 960 in
738 900 842 979 primo
855 899 937 960 libro
950 901 993 959 De
1006 898 1213 960 Generatione
1223 897 1296 957 Ani-

215 1013 386 1087 malium⁴,
409 1015 552 1094 partibus
578 1015 723 1076 animalis
753 1018 875 1074 eertum
909 1014 1139 1091 definitumque
1169 1012 1295 1073 muneri

211 1131 373 1210 iungendo
383 1131 489 1191 locum
505 1147 574 1191 esse
590 1130 796 1208 assignatum.
809 1130 959 1190 Mundum
973 1133 1079 1190 autem
1094 1146 1151 1208 pro
1166 1127 1294 1188 animali

213 1245 351 1324 quodam
366 1263 437 1306 eum
449 1247 634 1306 Aristoteles
649 1245 778 1319 habeat,
791 1262 920 1305 necesse
931 1249 979 1305 est
989 1244 1172 1322 particulam
1187 1259 1295 1303 unam-

214 1378 369 1440 quamque
384 1361 541 1436 materiae‚
556 1378 660 1439 neque
674 1363 843 1420 attractam
853 1347 956 1438 neque
970 1363 1124 1432 coactam,
1141 1358 1227 1418 nullo
1241 1375 1293 1417 va-

214 1494 273 1538 cuo
295 1476 459 1538 intervallo
480 1477 570 1549 dato,
586 1493 696 1537 aarum
717 1480 822 1536 tamen
837 1476 975 1555 partium
992 1478 1140 1554 appetere
1151 1473 1294 1534 vicinita-

213 1597 278 1652 tem
292 1591 330 1652 ad
346 1609 462 1670 easque
478 1609 511 1652 se
530 1592 612 1652 terre
630 1591 713 1652 inter
736 1609 814 1670 quas
835 1591 964 1670 proprio
983 1607 1113 1652 munere
1135 1590 1292 1668 iungatur,

215 1710 249 1767 et
261 1725 355 1785 quarn
369 1707 508 1768 maxime
521 1706 622 1785 prosit
634 1707 759 1786 corpori
774 1707 932 1768 universo.

253 1939 285 1999 Si
311 1939 354 1999 ita
373 1957 406 1999 se
428 1956 478 2000 res
499 1939 610 2013 habet,
637 1955 735 2017 eaque
753 1938 923 1999 vicinitatis
945 1938 1167 2016 conjunctione
1188 1939 1294 1999 looum

216 2055 390 2115 naturalem
412 2053 581 2114 delinimus
603 2072 664 2132 qua
689 2055 721 2113 in
739 2055 888 2115 universo
909 2053 1045 2127 munde,
1063 2054 1148 2114 velut
1171 2053 1204 2112 in
1227 2054 1294 2113 ani-

182 2205 185 2221 ·
213 2169 303 2243 mali,
335 2170 493 2230 elementa
517 2173 676 2241 tenentur,
698 2187 826 2230 neeesse
852 2173 910 2243 est,
933 2168 1202 2247 quemadmodum
1220 2186 1293 2247 par-

214 2284 291 2344 tium
312 2302 438 2345 suarum
458 2284 545 2345 loeus
564 2290 613 2345 est
624 2289 734 2375 totum
752 2285 880 2358 animal,
893 2284 1006 2346 eodem
1020 2284 1116 2345 modo
1130 2284 1207 2345 illud
1219 2301 1292 2344 vere

211 2399 403 2478 proprieque
417 2401 610 2461 looum‘esse
626 2400 712 2479 quod
728 2401 896 2480 complexu
911 2418 968 2461 suo
981 2401 1208 2461 elementorum
1228 2417 1294 2460 om·

211 2515 300 2576 nium
313 2514 556 2593 dispositionem
569 2516 778 2594 ordinemque
790 2517 931 2576 eontinet
943 2519 974 2576 et
988 2519 1162 2588 conservat,
1180 2515 1292 2575 eaelum

209 2629 282 2691 dieo
297 2631 493 2692 universum.
508 2631 714 2710 Quapropter,
729 2635 897 2710 postquam
912 2631 1083 2708 terminum
1094 2629 1292 2690 immobilem

211 2763 373 2823 quemque
398 2747 583 2807 Aristoteles
605 2747 685 2807 dixit
714 2764 782 2807 esse
807 2746 911 2807 locum
936 2747 1075 2825 primum
1100 2744 1174 2826 (quo
1194 2746 1291 2806 verbo

211 2861 392 2938 proximum
408 2860 590 2942 signifieat),
611 2861 718 2923 loeum
737 2879 952 2932 communem,
970 2880 1006 2921 ao
1021 2861 1081 2922 loei
1096 2862 1224 2922 nomine
1241 2861 1291 2922 vel

210 2976 345 3036 maxime
369 2977 517 3054 dignum,
534 2979 646 3038 eaelum
671 2995 739 3038 esse
760 2977 913 3056 adjungit,
938 2977 988 3038 vel
1009 2977 1131 3056 potius,
1152 2982 1186 3038 ut
1198 2977 1290 3056 plane

210 3092 389 3169 loquamur,
405 3093 489 3170 quod
512 3093 544 3151 in
560 3093 636 3154 eaelo
651 3093 701 3153 vel
721 3093 858 3154 maxime
875 3093 1038 3153 immobile
1056 3096 1118 3167 est,
1134 3093 1208 3153 hino
1222 3111 1290 3153 me-

213 3206 315 3279 dium,
334 3207 422 3268 illine
437 3209 636 3286 superficiem
656 3227 663 3268 :
681 3231 696 3263 «
714 3209 852 3268 Medium
868 3209 952 3282 eaeli,
971 3213 1003 3269 et
1022 3211 1197 3270 extremum
1215 3226 1289 3269 eon-

212 3345 230 3376 «
244 3323 398 3382 versionis
414 3323 575 3384 oiroularis
598 3323 684 3402 quod
701 3339 759 3385 nos
780 3341 892 3385 versus
913 3328 975 3398 est,
997 3325 1144 3385 omnibus
1162 3324 1302 3403 proprie,

208 3438 464 3516 «praecipueque
484 3438 609 3499 videtur
629 3456 716 3513 esse,
732 3439 792 3500 hoe
807 3439 938 3516 quidem
956 3457 1064 3518 supra,
1087 3439 1166 3500 illud
1182 3444 1289 3500 autem

211 3575 225 3606 «
242 3552 323 3612 inira
340 3570 347 3612 :
367 3553 518 3630 quoniam
540 3554 619 3615 illud
642 3572 768 3633 semper
789 3560 912 3626 manet,
935 3525 1044 3616 circuli
1061 3558 1170 3648 autem
1187 3559 1288 3616 extre-

210 3691 226 3722 «
242 3685 330 3730 mum
343 3686 468 3746 semper
490 3669 603 3730 eodem
616 3670 712 3730 modo
732 3688 764 3730 se
784 3670 878 3730 habet
891 3668 914 3730 ‘·'.
932 3694 946 3725 a
961 3705 999 3713 -
1016 3670 1289 3740 Quemadmodum

238 3819 271 3881 (p
289 3822 325 3867 De
341 3821 435 3868 (letter.
452 3793 540 3869 Attila.
556 3821 574 3878 l,
596 3826 629 3868 12.

238 3908 271 3969 (2)
288 3906 366 3969 Phys.
384 3910 425 3966 lv,
442 3913 500 3967 209,
517 3923 539 3967 a,
556 3915 583 3959 31
602 3927 606 3957 :
623 3911 665 3959 καὶ
679 3910 750 3968 τόπος
768 3913 781 3960 ὁ
797 3912 840 3974 μὲν
854 3913 940 3969 κοινός,
957 3913 979 3960 ἐν
997 3907 1016 3979 ᾧ
1032 3913 1126 3961 ἅπαντα
1140 3913 1171 3961 τὰ
1185 3913 1287 3972 σώματά

205 3997 282 4054 ἐστιν,
298 3999 311 4046 ὁ
325 3997 420 4056 uteru,
436 3999 460 4048 ἐν
477 3993 496 4066 ᾧ
511 4000 631 4064 πρώτῳ...
649 4026 679 4034 -
694 4006 747 4058 212,
761 4015 786 4058 a,
801 4005 831 4049 26
848 4019 852 4049 :
869 4002 897 4072 fd
913 4001 956 4064 μὲν
971 4004 1029 4064 πρὸς
1047 4003 1075 4050 τὸ
1089 4004 1162 4063 μέσον
1177 4003 1288 4066 περιέχον

205 4086 279 4147 πέρας
293 4086 360 4134 κάτω
374 4089 434 4148 ἐστί,
449 4089 490 4136 nal
507 4088 566 4136 αὐτὸ
582 4089 609 4137 τὸ
627 4089 709 4151 μέσον,
732 4091 759 4138 τὸ
775 4090 799 4138 δὲ
814 4090 871 4153 πρὸς
883 4089 910 4138 τὸ
925 4091 1030 4151 ἔσχατον
1044 4091 1102 4150 ἄνω,
1124 4092 1165 4138 καὶ
1184 4090 1241 4138 αὐτὸ
1261 4091 1288 4140 τὸ

206 4174 320 4236 ἔσχατον.
334 4203 366 4211 -
378 4182 431 4234 212,
451 4191 474 4234 a,
489 4181 515 4224 21
533 4195 537 4226 :
551 4177 593 4225 καὶ
608 4177 649 4226 διὰ
663 4184 733 4226 τοῦτο
745 4179 772 4226 τὸ
789 4178 861 4240 μέσον
875 4184 919 4227 τοῦ
934 4179 1035 4244 οὐρανοῦ
1047 4180 1088 4228 καὶ
1102 4180 1129 4228 τὸ
1143 4181 1247 4240 ἔσχατον
1261 4182 1288 4229 τὸ

210 4264 266 4324 πρὸς
283 4267 345 4325 ἡμᾶς
357 4271 397 4322 τῆς
416 4266 497 4328 κύκλῳ
512 4271 587 4330 φορᾶς
602 4268 669 4316 δοκεῖ
685 4270 748 4318 εἶναι
763 4270 791 4318 τὸ
811 4269 852 4328 μὲν
866 4269 916 4316 ἅνω
931 4269 959 4317 τὸ
978 4270 1004 4318 δὲ
1023 4270 1091 4320 κάτω
1106 4270 1211 4331 μάλιστα
1226 4274 1288 4320 πᾶσι
