3160 5054
301 527 332 574 ³⁰
684 522 768 580 omn
784 521 1001 572 ARISTOTELES

300 683 358 728 nec
378 669 470 728 motu
494 665 630 728 naturali
654 665 731 728 cieri
755 653 895 744 possint,
915 681 975 726 111
996 665 1132 728 11111111
1155 664 1266 743 quiete
1283 641 1386 726 trui't

341 785 448 861 Neque
464 781 560 844 etiam
574 785 683 844 eontra
697 785 842 843 naturam
857 797 973 860 corpus
987 781 1109 843 moveri
1124 785 1219 860 queat
1234 781 1267 842 in
1284 781 1386 854 inani,

305 921 320 953 ιι
337 897 399 960 nisi
414 903 450 960 ut
464 898 497 960 id
512 898 597 978 quod
612 897 738 960 vehitur
754 898 778 957 2.
797 922 811 954 u
828 897 911 958 lllud
936 897 1022 958 enim
1041 897 1175 958 interest
1198 897 1282 960 inter
1301 899 1389 958 Aris-

300 1014 431 1076 totelem
457 1013 669 1094 physicosque
696 1017 837 1090 nostros,
865 1013 950 1092 quod
976 1013 1101 1094 physici
1132 1013 1233 1074 nostri
1259 1019 1390 1076 censent

300 1140 413 1209 corpus
434 1130 533 1192 semel
547 1130 722 1210 impulsum
738 1129 861 1192 infinite
880 1129 913 1189 in
928 1129 1070 1190 motione
1092 1147 1148 1191 sua
1165 1147 1387 1210 perseverare,

300 1247 483 1308 Aristoteles
496 1250 602 1308 autem
614 1246 792 1308 motionem
807 1243 985 1332 inchoatam
999 1245 1125 1306 nonnisi
1141 1249 1296 1326 perpetua
1310 1263 1388 1307 con-

300 1361 474 1424 tinuatione
489 1361 693 1441 impulsionis
707 1359 883 1422 continuari
896 1377 989 1440 posse
1001 1361 1181 1423 arbitratur.
1196 1361 1286 1434 Quod
1300 1361 1388 1423 nullo

300 1477 396 1540 modo
420 1477 659 1551 demirabimur‚
685 1476 712 1538 si
735 1475 1053 1538 animadverterimus
1075 1477 1210 1538 motioni
1235 1477 1387 1551 naturali,

300 1611 370 1672 quae
393 1594 628 1656 absolutissima
655 1593 788 1654 habetur
811 1593 850 1654 ab
873 1592 1058 1668 Aristotele,
1083 1611 1210 1655 causam
1235 1594 1389 1655 continuo

299 1712 445 1788 agentem
468 1727 620 1789 praeesse,
646 1707 805 1770 desiderio
828 1709 942 1770 intimo
965 1709 1121 1784 similem,
1145 1727 1216 1788 quae
1239 1709 1387 1771 ellectum

301 1842 395 1886 suum
410 1824 478 1886 sine
494 1826 556 1886 line
573 1825 777 1904 redintegret.
796 1823 950 1886 Continuo
965 1829 1071 1886 autem
1086 1825 1113 1886 si
1128 1843 1223 1886 causa
1237 1825 1389 1887 motionis

301 1942 451 2003 naturalis
471 1941 552 2020 agit,
574 1941 724 2004 continuo
745 1957 872 2019 quoque
891 1940 1043 2002 resistunt
1063 1941 1249 2020 impulsioni
1276 1941 1389 2002 alienae

302 2075 339 2119 11
365 2075 435 2138 quar
461 2061 569 2120 contra
593 2061 737 2120 naturam
763 2060 930 2118 moventur
955 2074 962 2117 :
989 2074 1026 2118 ex
1049 2074 1112 2136 quo
1136 2059 1186 2130 tlt,
1207 2029 1389 2119 continuam

301 2171 502 2252 impulsionis
521 2172 822 2253 redintegrationem
836 2189 905 2233 1111
920 2171 1141 2234 necessariam.
1159 2173 1234 2246 Quae
1255 2191 1328 2235 curn
1345 2174 1390 2234 ita

301 2289 379 2362 sint,
397 2288 611 2368 intellegimus
630 2289 663 2349 in
682 2305 754 2350 aere
773 2287 877 2349 autin
897 2287 1056 2350 elemento
1075 2305 1227 2368 corporeo
1246 2290 1389 2367 quolibet

300 2405 476 2467 motionem
488 2408 607 2467 naturae
622 2405 809 2471 contrariam
822 2421 915 2484 posse
931 2405 1119 2466 continuari.
1135 2405 1287 2468 Did'uctus
1301 2405 1388 2467 enim

301 2539 567 2601 compressusque
590 2538 722 2600 corpore
741 2521 885 2600 conjecto
905 2537 959 2582 aer
982 2539 1055 2582 cum
1076 2522 1260 2584 retlectatur
1279 2522 1311 2582 in
1334 2539 1385 2598 se,

300 2638 474 2700 motionem
495 2642 656 2716 receptam
678 2655 716 2698 eo
741 2637 838 2698 modo
859 2636 983 2716 corpori
1004 2637 1110 2698 reddit
1135 2641 1171 2699 ut
1192 2638 1386 2716 impulsione

301 2753 384 2814 ultro
415 2753 559 2831 citroque
587 2753 684 2813 missa
711 2756 816 2814 motus
847 2756 1001 2832 perpetuo
1028 2752 1273 2832 redintegretur.
1302 2753 1386 2814 Fieri

302 2869 397 2930 etiam
410 2868 511 2948 possit
525 2872 560 2930 ut
577 2885 709 2948 corpur,
727 2869 759 2929 in
775 2887 848 2930 aera
863 2872 917 2930 aut
933 2869 1127 2931 elementum
1143 2869 1308 2948 quodlibet
1322 2869 1385 2930 irn-

301 2984 450 3056 missurn‚
472 2984 629 3064 propellat
648 2983 819 3063 particulas
840 2983 992 3063 quasdam
1012 2984 1153 3046 materiae
1173 2986 1290 3064 quibus
1311 3002 1385 3064 par-

301 3099 406 3161 ticulae
433 3099 504 3161 aliae
532 3100 647 3162 deinde
674 3101 904 3181 propellentur,
933 3101 1048 3176 donec,
1078 3099 1222 3162 coniecto
1248 3101 1384 3175 circulo,

333 3277 514 3342 (1111111,
529 3283 629 3338 115,1,
646 3283 655 3327 1
674 3296 680 3328 :
700 3280 799 3344 πρῶτον
817 3279 859 3342 μὲν
875 3277 930 3340 οὖν,
951 3279 989 3328 ὅτι
1003 3283 1072 3329 πᾶσα
1085 3279 1179 3338 κίνησις
1198 3282 1213 3340 ἢ
1233 3279 1276 3346 βίοι
1290 3281 1305 3339 ἢ
1319 3279 1386 3328 κατὰ

302 3369 381 3432 φύσιν.
398 3367 504 3431 Ἀνάγκη
521 3368 542 3418 δ’
557 3369 586 3418 ᾰν
603 3384 648 3435 περ
662 3367 677 3431 ᾖ
691 3367 778 3432 βίαιος,
795 3368 857 3418 εἶναι
872 3370 913 3418 καὶ
926 3369 969 3428 τὴν
980 3369 1046 3418 κατὰ
1058 3363 1139 3432 φύσιν·
1154 3372 1169 3428 ἡ
1184 3359 1228 3432 μὲν
1243 3370 1290 3434 γὰρ
1308 3368 1388 3433 βίαιος

300 3458 367 3519 παρὰ
382 3457 453 3521 φύσιν
471 3457 574 3519 1στίν,ἡ
592 3457 619 3506 δὲ
637 3457 705 3523 παρὰ
722 3457 794 3522 φύσιν
811 3457 902 3522 ὑστέρα
918 3463 961 3516 τῆς
974 3457 1039 3508 κατὰ
1051 3458 1129 3520 φύσιν.
1146 3455 1219 3507 Ὣοτ’
1236 3459 1305 3522 εἰμὴ
1321 3459 1388 3507 κατὰ

301 3540 372 3610 φύσιν
385 3546 450 3596 ἐστὶν
464 3546 562 3608 ἑκάστῳ
574 3547 624 3595 τῶν
636 3545 747 3609 φυσικῶν
758 3545 878 3610 σωμάτων
890 3545 994 3605 κίνησις,
1011 3546 1068 3596 οὐδὲ
1080 3551 1129 3596 τῶν
1144 3547 1223 3596 ἄλλων
1236 3547 1307 3596 ἔσται
1317 3548 1389 3606 κινή-

302 3651 366 3684 σεων
380 3635 492 3699 οὐδεμία.
513 3634 586 3685 Ἀλλὰ
601 3637 647 3699 μὴν
662 3628 732 3699 φύσει
746 3649 774 3697 γε
784 3640 836 3690 πῶς
846 3635 915 3684 ἔσται
930 3637 1049 3699 μηδεμιᾶς
1064 3636 1138 3695 οὔσης
1151 3637 1269 3700 διαφορᾶς
1282 3635 1346 3685 κατὰ
1359 3636 1390 3686 τὸ

301 3723 372 3773 κενὸν
383 3725 424 3773 καὶ
436 3725 465 3774 τδ
477 3725 592 3790 ἄπειρονς
602 3723 618 3787 ἦ
629 3723 671 3787 μὲν
683 3724 729 3789 γὰρ
741 3723 850 3788 ἄπειρον,
864 3724 934 3774 οὐδὲν
948 3723 1018 3775 ἔσται
1029 3725 1080 3774 ἄνω
1090 3723 1145 3774 οὐδὲ
1154 3724 1222 3773 κάτω
1232 3724 1288 3774 οὐδὲ
1300 3724 1385 3788 μέσον,

301 3812 317 3875 ἦ
331 3811 358 3862 δὲ
369 3811 451 3874 κενόν,
467 3813 535 3864 οὐδὲν
553 3813 668 3878 διαφέρον
679 3814 708 3863 τὸ
728 3814 778 3862 ἅνω
795 3818 839 3862 τοῦ
854 3813 932 3862 κάτω·
946 3815 1030 3879 ὥσπερ
1044 3813 1091 3877 γὰρ
1103 3818 1148 3864 τοῦ
1167 3813 1269 3877 μηδενὸς
1282 3813 1387 3878 οὐδεμία

302 3901 416 3968 διαφορά,
429 3902 505 3958 οὕτως
517 3903 558 3952 καὶ
571 3907 614 3951 τοῦ
627 3903 660 3966 μὴ
673 3902 749 3958 ὄντος.
761 3902 796 3952 Τὸ
808 3902 834 3951 δὲ
846 3902 918 3952 κενὸν
932 3903 964 3966 μὴ
977 3902 1038 3951 ὄντι
1052 3902 1093 3951 καὶ
1109 3903 1223 3968 στέρησις
1232 3903 1300 3952 δοκεῖ
1310 3903 1384 3965 εἶναι,

302 3993 317 4050 ἡ
331 3991 358 4040 δὲ
370 3990 439 4055 φύσει
449 3991 513 4057 φορὰ
526 3991 648 4056 διάφορος.
663 3987 736 4040 ”Ωστ’
749 3991 819 4040 ἔσται
832 3991 901 4054 φύσει
913 3991 1025 4056 διάφοροι.
1038 3989 1073 4041 Ἢ
1088 3990 1129 4042 οὖν
1140 3993 1184 4040 οὐκ
1196 3991 1250 4041 ἔστι
1261 3992 1331 4054 φύσει
1342 3993 1386 4042 οὐ·

303 4081 382 4143 δαμοῦ
394 4081 474 4131 οὐδενὶ
490 4079 596 4148 οορά,ὴ
615 4081 637 4130 el
650 4082 717 4130 τοῦτ’
733 4079 811 4141 ἔστιν,
831 4079 876 4130 οὐκ
893 4079 946 4131 ἔστι
964 4081 1042 4130 κενόν.
1059 4079 1098 4132 Gi.
1118 4080 1198 4143 Phys.
1214 4082 1283 4143 Vlll,
1302 4084 1331 4142 43
1348 4084 1384 4131 De

307 4169 389 4229 celo,
402 4171 451 4229 111,
465 4176 489 4220 2.

336 4259 369 4322 (2)
387 4257 464 4322 Phys.
480 4261 523 4321 111,
537 4265 596 4320 215,
612 4273 639 4318 a,
658 4262 686 4310 17
754 4259 805 4310 οὐδ’
817 4259 886 4309 ἔσται
898 4259 1010 4325 φέρεσθαι
1025 4258 1081 4310 ἀλλ’
1094 4262 1110 4320 a
1125 4263 1158 4318 ὡς
1171 4260 1199 4310 τὸ
1211 4258 1354 4324 ὀχούμενον.
