3160 5054
314 543 342 590 72
699 541 777 596 outo
793 539 1008 588 nursroruuus

1565 927 1566 972 t

313 1919 385 1994 Quae
399 1922 439 1980 sit
452 1917 631 1980 Aristotelia
646 1918 681 1978 cle
699 1917 762 1978 laco
783 1917 930 1978 doctrina
947 1920 1051 1994 oripo,
1070 1915 1266 1996 dpatientia,
1284 1922 1314 1976 et
1331 1934 1398 1976 euna

350 2035 550 2114 metaphysica
559 2035 741 2114 physicaqaa
757 2033 889 2112 ejusdem
906 2031 1068 2110 disciplina
1087 2036 1237 2110 capitatio.
1253 2033 1316 2093 Car
1327 2032 1397 2110 pla-

351 2155 437 2231 nique
450 2149 485 2211 de
500 2153 598 2230 spatia
612 2148 822 2223 disseruerint,
838 2147 1015 2209 Aristoteles
1030 2153 1130 2208 autem
1142 2147 1180 2207 cle
1196 2147 1268 2207 loca.

351 2447 438 2504 Nunc
453 2444 582 2504 demum
595 2459 651 2503 cur
662 2441 847 2502 Aristoteles
859 2441 965 2500 locum
980 2457 1037 2518 pro
1053 2439 1156 2518 spatio
1172 2439 1391 2514 substituerit,

312 2577 387 2637 quos
402 2559 436 2618 in
450 2558 609 2637 angustias
627 2558 666 2618 oh
682 2557 763 2617 hano
782 2557 886 2635 ipsam
899 2572 1028 2616 oausam
1042 2555 1203 2630 inciderit,
1222 2572 1284 2632 quo
1301 2573 1397 2615 sensu

310 2673 489 2746 recondito,
506 2691 570 2751 qua
589 2673 704 2733 deinde
725 2672 883 2732 rationum
903 2674 1083 2748 apertarum
1103 2653 1397 2730 continuationead

311 2807 381 2850 eam
392 2790 432 2848 sit
449 2788 648 2866 disciplinam
660 2787 814 2848 adductus
830 2804 892 2864 qua
907 2785 1221 2863 quaestionemnobis
1238 2785 1277 2844 de
1293 2785 1397 2863 spatio

310 2904 504 2982 praecipuam
525 2903 631 2982 potius
651 2903 784 2980 fugitare
809 2919 902 2980 quam
927 2899 1078 2979 expedire
1102 2899 1259 2972 videatur,
1285 2900 1396 2978 paucis

309 3019 412 3079 verbis
427 3019 601 3096 poterimus
617 3018 783 3096 explicare.

348 3133 472 3194 Placuit
494 3133 671 3207 Aristoteli,
692 3131 777 3192 haud
796 3131 887 3192 aliter
907 3148 943 3191 ao
970 3131 1130 3209 plerisque
1153 3131 1255 3190 aetatis
1278 3135 1394 3190 nostrae

309 3248 521 3328 philosophis,
539 3248 677 3327 spatium
692 3264 760 3307 esse
776 3246 942 3307 continens
957 3246 1093 3323 aliquid,
1113 3245 1145 3304 in
1162 3263 1225 3323 quo
1246 3262 1396 3323 corporea

308 3340 414 3424 omnia
427 3363 529 3442 posita
546 3364 610 3423 sint
626 3367 720 3440 atque
738 3365 936 3422 moveantur.
954 3363 1016 3421 Nos
1036 3378 1130 3434 vero,
1151 3375 1224 3420 curn
1239 3359 1394 3438 cognitio-

304 3495 381 3538 -nem
397 3479 429 3537 in
445 3479 601 3538 elementa
618 3478 697 3548 duo,
717 3477 882 3536 materiam
898 3493 934 3535 ac
954 3476 1104 3549 formam,
1122 3479 1247 3535 auctore
1263 3475 1392 3548 dantia,

308 3593 501 3666 dividamuS,
523 3592 756 3671 qualitatesque
777 3591 849 3651 ideo
866 3591 972 3652 rerum
994 3607 1051 3668 per
1065 3607 1097 3650 se
1117 3590 1201 3668 ipsas
1220 3590 1324 3668 spatio
1347 3607 1395 3650 oa-

307 3725 376 3768 rere
388 3709 587 3779 arbitremur,
603 3726 665 3768 non
683 3708 786 3768 solum
801 3724 933 3785 corpora
947 3706 979 3765 in
995 3706 1112 3784 spatio,
1134 3705 1190 3765 sed
1207 3709 1238 3766 et
1257 3705 1394 3783 spatium

307 3824 340 3882 in
361 3824 546 3902 corporibus
567 3822 671 3882 inesse
694 3823 911 3882 existimamus
934 3821 1038 3882 :adeo
1059 3824 1094 3881 ut
1111 3823 1247 3898 nequeat
1268 3819 1393 3880 deloco
1450 3875 1452 3880 ,

307 3938 447 4016 corporis
462 3938 561 3998 totius
581 3937 735 4016 disputari
752 3937 831 4016 quin
846 3942 877 3998 et
890 3935 928 3997 de
942 3937 1013 3996 loco
1026 3935 1183 4014 partium,
1203 3925 1339 4012 ideoque
1354 3935 1393 3994 de

307 4055 489 4114 extensione
513 4053 582 4130 ipsa
603 4052 827 4132 disputandum
852 4069 920 4113 esse
944 4051 1100 4112 videatur.
1129 4050 1277 4129 Sejuncta
1298 4049 1394 4127 igitur

307 4169 489 4229 extensione
504 4185 521 4228 a
534 4167 738 4246 qualitatibus
753 4167 891 4248 physicis
901 4177 909 4238 ,'
923 4165 1114 4245 quaerendus
1132 4166 1190 4255 fuit
1205 4183 1268 4225 non
1290 4164 1394 4225 solum

307 4285 493 4364 corporibus
515 4284 548 4343 in
563 4301 625 4362 quo
646 4283 838 4356 habitarent,
865 4283 921 4343 sed
940 4286 971 4343 et
988 4281 1195 4361 qualitatibus
1215 4297 1272 4359 per
1297 4296 1395 4357 quern

689 4554 1014 4909 N
