3160 5054
712 480 792 538 QUID
807 477 1024 529 ARISTOTELES

839 1181 889 1240 lll.

348 1415 439 1490 (luem
454 1413 593 1475 ordinem
608 1412 784 1474 Aristoteles
796 1412 834 1472 de
848 1410 908 1472 loci
920 1415 1032 1472 notura
1045 1408 1203 1489 oopiiondo
1217 1412 1394 1470 seruaverit.

368 1646 467 1718 Quem
482 1644 627 1704 ordinem
642 1642 827 1703 Aristoteles
847 1641 885 1702 de
904 1641 964 1702 hae
979 1658 1012 1701 re
1027 1640 1212 1702 meditando
1228 1640 1409 1714 servaverit,

329 1761 484 1840 dispicere
496 1758 627 1819 dillloile
642 1763 700 1819 est.
718 1761 794 1818 Nam
809 1758 847 1818 de
858 1756 929 1819 loeo
944 1755 1100 1835 primum,
1113 1755 1152 1817 de
1167 1773 1266 1816 vacuo
1278 1755 1410 1830 deinde,

329 1893 391 1954 quo
401 1875 527 1953 planius
541 1873 753 1952 intellegatur,
767 1873 844 1933 dioit
857 1876 1010 1951 separate,
1028 1871 1172 1950 quamvis
1186 1871 1266 1932 hane
1278 1874 1309 1931 et
1324 1870 1412 1930 illam

328 1991 537 2069 quaestionom
552 1989 595 2049 ita
612 1992 770 2068 proponat
786 1991 821 2049 ut
841 1988 940 2048 altera
959 2003 1016 2066 per
1035 1987 1168 2047 alteram
1184 2002 1347 2065 permeare
1363 1986 1411 2044 vi-

327 2107 447 2167 deatur.
471 2107 624 2166 llruamus
646 2107 763 2178 tamen,
786 2103 813 2162 si
838 2103 1011 2182 possimus,
1033 2101 1215 2164 reconditos
1234 2101 1412 2162 Aristotelis

327 2239 449 2292 sensuS,
470 2224 505 2280 ut
524 2219 669 2280 ordinem
689 2236 774 2291 eum,
796 2235 890 2296 quem
915 2218 1083 2297 cogitando
1107 2218 1222 2290 tenuit,
1248 2217 1282 2278 in
1305 2217 1412 2278 lucem

326 2337 535 2414 proferamus

367 2451 509 2510 Primum
525 2449 621 2528 igitur
637 2466 752 2528 eorpus
770 2449 929 2527 quoddam
949 2448 1171 2520 consideravit,
1190 2449 1323 2508 incerto
1339 2448 1413 2508 defi-

327 2567 458 2644 nitoque
473 2566 544 2626 loeo
557 2565 707 2642 positum.
723 2565 874 2636 Quaesivlt
888 2565 964 2642 quid
977 2564 1037 2625 iste
1050 2565 1136 2626 locus
1149 2568 1243 2634 esset,
1258 2581 1413 2642 corpusne

328 2683 447 2761 ipsum,
472 2699 511 2740 an
531 2681 673 2760 corporis
693 2681 849 2758 qualitas?
871 2681 1080 2741 -Neutrum
1100 2680 1257 2740 videlieet.
1279 2681 1414 2740 -Cum

327 2799 371 2858 ita
393 2814 425 2856 se
447 2814 498 2857 res
520 2796 667 2870 haberet,
688 2813 790 2874 neque
814 2795 992 2873 quidquam
1013 2796 1201 2874 proficerent
1221 2799 1275 2856 aut
1298 2811 1414 2873 eorpus

329 2915 382 2973 aut
397 2911 537 2989 corporis
560 2911 744 2989 qualitates,
767 2928 881 2990 eorpus
898 2910 1041 2982 sustulit,
1058 2911 1277 2990 exploraturus
1297 2910 1414 2972 deinde

329 3027 405 3104 quid
425 3030 615 3105 superesset.
634 3027 724 3098 Quod
746 3031 853 3088 autem
870 3030 1031 3105 superest,
1049 3031 1084 3088 ut
1098 3027 1259 3106 plerisque
1275 3027 1413 3100 videtur,

330 3143 362 3203 id
377 3159 514 3202 vacuum
530 3145 578 3202 est
594 3142 806 3204 intervallum.
824 3143 871 3202 Ad
891 3159 1004 3203 novam
1024 3142 1120 3220 igitur
1137 3142 1415 3220 investigationem

328 3257 498 3329 adductus,
514 3257 684 3318 deberetne
703 3258 747 3318 ita
759 3257 884 3318 deliniri
904 3257 990 3318 loeus
1011 3261 1046 3318 ut
1065 3261 1149 3318 esset
1165 3275 1299 3318 vacuum
1314 3257 1414 3318 inter·

328 3373 455 3448 vallum,
473 3372 582 3432 multis
597 3361 771 3433 rationibus
787 3377 818 3434 et
833 3373 1027 3452 argumentis
1048 3374 1246 3434 confirmavit
1263 3373 1416 3434 Aristote

329 3488 374 3548 les
398 3505 461 3547 non
483 3505 576 3566 posse
598 3505 735 3550 vacuum
758 3487 933 3566 quidquam
959 3492 1013 3549 aut
1036 3505 1093 3566 per
1115 3506 1148 3549 se
1173 3489 1339 3560 exsistere,
1361 3492 1417 3550 aut

329 3606 435 3662 mente
455 3603 589 3680 concipi.
607 3603 683 3674 Quae
698 3621 771 3665 eum
786 3607 948 3682 comperta
964 3603 1105 3679 haberet,
1122 3604 1210 3666 loous
1229 3608 1335 3665 autern
1349 3623 1416 3665 non

331 3734 444 3796 eorpus
458 3721 549 3789 esset,
564 3736 627 3779 non
641 3720 773 3796 qualitas
789 3719 945 3798 eorporis,
963 3720 1062 3780 immo
1076 3737 1116 3780 ne
1131 3720 1331 3802 intervallum
1347 3720 1417 3798 qui-

332 3832 408 3926 dem
427 3832 505 3893 illud
530 3834 615 3912 quod
640 3835 764 3896 sublato
789 3852 920 3914 corpore
941 3834 1099 3896 videretur
1117 3852 1296 3912 remanere,
1318 3837 1357 3896 ad
1381 3835 1416 3897 id

331 3948 509 4008 necessario
524 3967 557 4008 se
572 3950 667 4010 vertit
680 3950 863 4010 Aristoteles
879 3950 964 4028 quod
980 3952 1084 4012 solum
1100 3955 1262 4030 supererat
1278 3969 1285 4012 :
1300 3969 1416 4030 eorpus

332 4063 403 4123 dieo
425 4063 677 4144 circumjectum,
699 4065 732 4125 in
757 4083 819 4143 quo
842 4065 1002 4128 inclusum
1025 4066 1104 4128 illud
1125 4068 1301 4142 tenebatur,
1328 4068 1417 4129 velut

332 4195 458 4256 gemma
472 4179 504 4239 in
520 4181 602 4259 pala.
617 4215 655 4224 -—
673 4182 832 4242 llabemus
846 4199 930 4243 nuno
949 4181 1064 4244 seriem
1080 4183 1416 4262 continuationemque
