3160 5054
283 510 315 556 26
668 503 747 560 Qum
763 501 981 554 ARISTOTELES

283 648 338 711 ubi
349 648 471 710 nullum
491 663 606 726 corpus
620 643 832 708 continetur⁴.
853 647 980 718 Quaeres
1000 647 1144 723 sortasse,
1160 646 1238 725 quid
1253 664 1368 727 corpus

281 779 511 844 corporeumve
541 764 713 824 vocemus?
738 763 921 841 Respondet
944 756 1131 825 Aristoteles
1162 779 1277 843 corpus
1305 763 1368 832 dici

282 880 360 942 illud
376 879 462 958 quod
477 877 561 958 tangi
576 882 685 958 queat,
699 878 877 957 habeatque
895 878 968 940 ideo
983 879 1171 957 gravitatem
1186 882 1240 942 aut
1254 879 1367 942 levita-

283 994 381 1058 tem².
402 995 533 1058 Causam
547 998 653 1056 autem
668 993 861 1074 perscrutari
884 995 910 1054 si
930 995 1085 1070 volucria,
1107 1012 1163 1056 cur
1182 994 1368 1056 Aristoteles

283 1112 405 1186 omnia,
422 1128 493 1190 quae
514 1113 695 1189 tanguntur,
713 1109 819 1189 gravia
838 1089 964 1189 quodue
985 1115 1040 1172 aut
1063 1110 1146 1172 levia
1167 1127 1236 1172 esse
1260 1114 1365 1190 putet,

284 1227 426 1290 invenies
439 1227 570 1288 sortasse
581 1226 785 1288 Aristotelem
797 1226 981 1288 attribuisse
991 1227 1179 1306 corporibus
1188 1227 1255 1288 vim
1268 1244 1367 1306 quan-

284 1343 358 1406 dam
371 1343 570 1416 interiorem,
583 1359 645 1420 qua
659 1345 690 1403 et
704 1342 847 1421 tangenti
862 1342 921 1404 tibi
934 1343 1082 1404 resistant
1096 1345 1130 1404 et
1142 1359 1268 1404 sursum
1279 1342 1369 1404 deor·

283 1476 394 1522 sumve
419 1461 631 1520 moveantur:
654 1457 740 1518 idem
761 1450 857 1536 i'gitur
883 1475 951 1520 esse
980 1458 1183 1538 proprietatis
1204 1458 1368 1536 utriusque

282 1573 486 1656 principium.
511 1575 689 1652 Utcumque
718 1591 752 1636 se
777 1591 814 1634 ea
840 1591 891 1635 res
917 1573 1027 1650 habet,
1048 1574 1188 1638 citicitur
1214 1578 1249 1637 ut
1276 1575 1368 1636 inane

282 1690 361 1752 illud
377 1691 419 1751 sit
432 1690 465 1750 in
483 1707 547 1768 quo
562 1689 641 1750 nihil
655 1707 749 1768 grave
759 1689 891 1760 habitet,
905 1689 985 1750 nibil
998 1691 1079 1751 leve.
1091 1691 1248 1752 Punctum
1262 1694 1369 1752 autem

282 1807 358 1869 huic
375 1805 554 1868 definitioni
569 1804 748 1866 satisfacere
762 1805 788 1866 si
804 1805 993 1879 credideris,
1011 1806 1131 1868 errabis
1143 1806 1366 1868 vehementer:

281 1923 372 1986 inane
388 1921 474 1983 enim
489 1921 665 1983 necessario
680 1921 768 1984 locus
788 1926 837 1982 est
856 1925 911 1982 aut
931 1922 1139 1984 intervallum
1159 1922 1192 1982 in
1212 1939 1277 2000 quo
1298 1939 1367 1984 cor-

281 2056 340 2119 pus
356 2037 635 2117 queatcentineri;
663 2037 916 2116 magnitudinem
944 2037 1042 2116 igitur
1068 2036 1193 2099 habet³.
1217 2037 1369 2098 Subtilior

282 2159 389 2216 tamen
410 2154 470 2215 alia
490 2153 636 2233 quaedam
656 2153 790 2232 quaestio
810 2153 955 2222 exsistit:
975 2153 1176 2214 intervallum
1196 2153 1222 2214 si
1238 2152 1370 2215 haberet

283 2271 423 2332 colorem
433 2273 487 2331 aut
502 2287 626 2344 sonum,
639 2272 748 2330 utrum
761 2273 846 2330 esset
862 2269 954 2330 inane
969 2271 1093 2330 necne?
1111 2293 1126 2324 «
1141 2271 1235 2330 Inane
1251 2268 1368 2330 videli-

284 2411 299 2442 ι
317 2390 367 2447 cet
379 2386 455 2458 erit,
476 2390 509 2446 ut
524 2383 709 2446 Aristoteles
723 2384 912 2464 respondet,
929 2385 955 2444 si
975 2385 1102 2464 corpori
1117 2385 1258 2464 pervium
1272 2385 1370 2446 inerit

284 2526 299 2557 ο
316 2502 401 2580 quod
417 2501 503 2582 tangi
519 2505 630 2579 queat;
646 2501 695 2561 sin
713 2501 833 2576 minus,
852 2518 916 2562 non
934 2500 1025 2562 erit⁴.
1049 2525 1063 2557 a
1082 2501 1245 2562 Summam
1263 2501 1309 2562 rei
1333 2505 1369 2562 ut

283 2619 421 2680 breviter
441 2617 678 2693 contrahamus,
704 2617 841 2696 spatium
870 2615 979 2692 inane,
1001 2617 1028 2677 si
1051 2620 1148 2691 esset,
1170 2617 1214 2678 ita
1239 2616 1370 2678 deberet

283 2734 410 2796 definiri
422 2737 458 2795 ut
471 2750 603 2812 corpore
622 2733 753 2794 omnino
772 2738 909 2808 careret,
921 2735 1045 2813 corpori
1060 2738 1167 2798 tamen
1187 2736 1309 2812 pateret
1323 2731 1368 2793 ibi

283 2850 473 2912 habitaturo.

314 3081 348 3145 (i)
367 3079 447 3144 Phys.
468 3081 510 3139 IV,
526 3084 581 3142 21³,
595 3079 621 3142 b,
637 3084 687 3130 30:
706 3079 772 3142 Πρός
786 3079 813 3129 δὲ
831 3080 858 3129 τό
876 3080 983 3143 ποτέρως
1003 3079 1055 3141 ἔχει
1069 3079 1106 3129 δεῖ
1119 3081 1203 3132 tacete
1219 3079 1242 3130 τί
1257 3080 1369 3143 σημαίνει

283 3170 528 3232 tetrartemoria
543 3171 571 3219 τὸ
587 3169 745 3225 arabartum
760 3169 822 3219 εἶναι
834 3170 859 3218 ἐν
876 3165 895 3238 ᾧ
912 3166 984 3232 μηδὲν
998 3169 1074 3220 ἐστιν.
1089 3169 1183 3218 Τούτου
1201 3169 1224 3220 δ’
1241 3170 1318 3219 αἴτιον
1333 3170 1369 3218 ὅτι

283 3261 310 3309 τό
321 3261 347 3309 ὃν
359 3264 431 3324 σῶμα
446 3261 538 3310 οἴονται
549 3261 620 3322 εἶναι,
632 3264 681 3308 πᾶν
692 3259 719 3308 δὲ
733 3260 809 3323 σῶμα
823 3259 848 3308 ἐν
860 3259 938 3323 τόπῳ,
952 3260 1021 3308 κενόν
1033 3258 1057 3308 δ’
1071 3261 1097 3308 ἐν
1110 3255 1129 3328 ᾧ
1142 3259 1211 3325 τόπῳ
1224 3261 1297 3325 μηδὲν
1315 3261 1369 3311 ἐστι

284 3354 366 3414 σῶμα,
382 3347 447 3400 ὥστ’
461 3350 483 3399 εἷ
496 3366 544 3398 που
560 3349 593 3413 μή
607 3350 658 3398 ἐστι
673 3354 754 3411 σῶμα,
768 3349 838 3398 οὐδὲν
851 3348 913 3398 εἶναι
931 3349 1041 3398 ἐνταῦθα.
1057 3375 1089 3384 -
1103 3347 1142 3398 cf.
1163 3351 1200 3399 De
1216 3350 1294 3406 Ooelo,
1314 3351 1367 3409 279,

283 3451 307 3499 a,
325 3442 352 3488 13
365 3456 372 3490 :
389 3439 460 3488 κενὸν
474 3438 563 3488 δἐἶναί
577 3454 648 3502 φασιν
662 3437 687 3487 ἐν
703 3434 722 3505 ᾧ
738 3440 771 3501 μή
787 3437 917 3501 ἐνυπάρχει
930 3439 1017 3502 σῶμα,
1033 3439 1136 3488 δυνατὸν
1154 3438 1235 3488 δ’ἐστὶ
1248 3439 1368 3500 γενέσθαι.

314 3526 347 3590 (2)
361 3527 442 3590 Phys.
456 3528 498 3585 iv,
513 3531 567 3584 ata,
582 3525 608 3586 h,
624 3531 653 3577 35
671 3547 677 3576 :
692 3531 763 3590 σῶμα
777 3527 804 3577 δὲ
818 3527 889 3577 πάλιν
907 3527 972 3576 ἅπαν
987 3527 1079 3577 οἴονται
1094 3528 1156 3578 εἶναι
1173 3527 1256 3577 ἁπτόν·
1272 3533 1370 3579 τοιοῦτο

283 3617 310 3666 δὲ
324 3617 338 3666 ὃ
352 3617 382 3666 ἂν
398 3619 441 3680 ἔχῃ
457 3617 531 3682 βάρος
547 3619 562 3676 ἢ
576 3617 724 3681 κουφότητα.
737 3615 869 3680 raptatae
883 3616 927 3667 οὖν
945 3617 973 3666 ἐκ
992 3618 1156 3681 συλλογισμοῦ
1169 3622 1242 3666 τοῦτο
1257 3618 1320 3668 εἶναι
1331 3635 1370 3668 κε-

284 3705 332 3765 νόν,
345 3707 369 3755 ἐν
383 3701 402 3775 ᾧ
419 3706 491 3770 μηδέν
506 3708 557 3756 ἐστι
573 3707 633 3770 βαρὺ
644 3707 660 3765 ἢ
672 3711 773 3770 κοῦφον.
788 3707 873 3755 Ταῦτα
889 3705 934 3770 μὲν
948 3705 1003 3764 οὖν,
1020 3707 1104 3770 ὥσπερ
1114 3706 1213 3768 sinopes
1227 3707 1270 3756 καὶ
1283 3705 1369 3773 πρόιτ-

285 3811 335 3861 ρον,
350 3796 379 3845 ἐκ
391 3797 554 3861 συλλογισμοῦ
567 3795 705 3861 σνμὸοιὶνει.
736 3786 742 3806 '
757 3781 760 3788 ⁴

316 3885 350 3949 (3)
366 3882 449 3949 Pipa.
465 3887 507 3943 IV,
525 3887 579 3948 214,
594 3900 618 3945 a,
633 3888 647 3934 i
665 3903 671 3936 ι
686 3886 778 3936 ἄτοπον
793 3886 819 3936 δὲ
837 3887 884 3945 riti
899 3887 988 3950 στιγμὴ
1004 3885 1082 3936 κενόν·
1097 3887 1135 3937 δεῖ
1149 3886 1194 3953 γὰρ
1205 3885 1278 3938 τόπον
1296 3887 1367 3951 εἶναι,

285 3973 309 4023 ἐν
324 3968 469 4042 ᾧσώματός
484 3976 535 4026 ἐστι
550 3975 672 4039 διάστημα
687 3977 775 4028 daseia

317 4063 350 4127 (4)
365 4063 444 4127 Phys.
459 4065 502 4124 iV,
518 4067 573 4124 214,
589 4077 613 4125 a,
625 4070 641 4116 9
654 4081 660 4114 :
673 4065 711 4116 διὸ
726 4065 772 4115 κᾶν
785 4063 918 4130 ἀπορήσειέ
931 4079 976 4123 τις,
992 4065 1016 4114 τί
1032 4065 1060 4114 ἂν
1078 4069 1160 4128 φαῖεν,
1173 4065 1194 4115 et
1208 4065 1261 4130 ἔχοι
1275 4066 1304 4116 τὸ
1318 4065 1371 4116 διά-

286 4169 368 4218 στημα
380 4154 497 4220 χρῶμαῆ
514 4152 605 4218 ψόφον,
620 4153 721 4218 πότερον
735 4153 834 4214 νενόνῆ
852 4154 894 4214 οὕς
912 4155 927 4213 ἢ
944 4154 1016 4214 δῆλον
1029 4153 1068 4203 ότι
1083 4153 1104 4204 εἰ
1119 4154 1162 4218 μὲν
1178 4152 1275 4219 δέχοιτο
1294 4156 1370 4219 σῶμα

286 4241 374 4305 ἁπτόν,
390 4245 459 4293 κενόν
471 4242 540 4306 εἶναι,
557 4243 578 4292 εἴ
588 4243 614 4292 δὲ
629 4243 676 4307 μή,
691 4244 729 4292 οὔ.
