3160 5054
575 531 618 579 nu
636 529 722 580 uoco
739 531 901 580 suusmur.
1161 512 1164 516 ’
1250 534 1280 588 ιε

199 677 265 733 tem
279 673 453 746 indefinita,
471 691 527 734 seu
539 691 673 734 numero
691 673 822 734 cuilibet
836 675 981 752 aequalis‚
999 676 1144 739 eflicitur.
1162 681 1280 741 Verisi-

198 788 274 847 mile
290 788 387 866 igitur
401 791 448 848 est
462 806 525 848 non
546 789 678 867 physico
699 788 816 863 solum,
834 789 889 850 sed
907 793 938 851 et
957 793 1183 855 mathematico
1199 815 1279 874 quo-

199 903 273 963 dam
289 921 394 963 errore
412 904 614 964 Aristotelem
628 904 828 988 laboravisse.

238 1018 434 1097 Principium
453 1019 569 1079 erroris
584 1019 803 1080 mathematici
816 1023 920 1080 totum
933 1022 966 1080 in
983 1021 1044 1083 hoc
1062 1028 1124 1100 est,
1140 1029 1279 1103 possein

199 1135 288 1194 finito
309 1138 451 1212 tempore
467 1137 491 1193 H
507 1135 629 1195 finitam
645 1135 736 1195 vacui
753 1139 876 1214 partem
896 1137 1032 1198 lustrari.
1048 1139 1140 1211 Quod
1156 1145 1279 1203 contra-

198 1249 281 1310 rium
301 1249 430 1310 omnino
451 1249 591 1328 physicae
612 1250 791 1310 Aristotelis
809 1251 984 1330 disciplinae
1005 1271 1073 1315 esse
1094 1255 1276 1319 dixerimus

198 1365 347 1426 Celeritas
367 1365 452 1425 enim
471 1365 621 1443 ponderis
642 1367 835 1426 transeuntis
856 1385 928 1427 cum
949 1370 1085 1448 fingatur
1102 1371 1213 1432 eadem
1233 1390 1279 1433 ra·

197 1480 284 1540 tione
299 1497 439 1541 creseere
456 1498 516 1559 qua
531 1481 691 1542 decrescat
703 1481 844 1560 corporis
857 1483 977 1561 trajecti
991 1484 1141 1558 densitas,
1155 1487 1279 1548 infinita

197 1595 229 1658 in
242 1613 340 1656 vacuo
355 1596 500 1656 celeritas
520 1597 588 1657 erit.
603 1597 728 1657 Infinita
744 1602 850 1658 autem
866 1598 1025 1660 celeritate
1042 1601 1068 1660 si
1084 1602 1207 1680 pondus
1222 1621 1279 1681 per

197 1729 329 1774 vacuum
341 1711 471 1787 leretur,
488 1712 690 1772 intervallum
706 1713 831 1773 finitum
846 1715 868 1772 Z
886 1732 949 1774 non
964 1715 997 1774 in
1012 1715 1101 1776 finito
1119 1717 1184 1778 ullo
1196 1722 1279 1778 tem-

198 1845 285 1906 pore,
297 1827 352 1888 sed
362 1828 394 1887 in
405 1830 549 1906 tempore
560 1829 646 1888 nullo
656 1828 851 1889 lustrabitur.
865 1829 1128 1907 Consequentiam
1138 1850 1206 1893 cam
1217 1852 1282 1894 ma-

196 1942 399 2004 thematicam
412 1961 484 2004 cum
495 1943 680 2003 Aristoteles
695 1961 759 2003 non
772 1943 973 2018 intellexerit,
987 1950 1135 2024 certoque
1145 1966 1278 2009 numero

197 2059 222 2116 ll
236 2028 446 2136 designaverit
459 2061 585 2136 tempus
600 2059 633 2118 in
648 2076 710 2136 quo
723 2059 922 2120 intervallum
935 2063 957 2120 Z
971 2062 1164 2138 percurritur
1178 2063 1211 2122 in
1223 2082 1278 2124 va-

196 2191 265 2244 cue,
281 2175 401 2252 reperit
414 2174 592 2236 necessario
605 2174 637 2232 in
652 2174 765 2234 eodem
784 2178 928 2252 tempore
946 2178 970 2235 H
991 2177 1126 2238 eandem
1141 2179 1279 2258 longitu-

197 2289 306 2349 dinem
326 2292 349 2348 Z
368 2290 507 2367 corporis
525 2290 693 2368 cujusdam
712 2292 735 2348 Δ
756 2290 899 2365 lustrari,
915 2326 955 2334 -
973 2293 1108 2352 candem
1128 2295 1225 2372 igitur
1245 2295 1278 2356 in

196 2422 296 2466 vacuo
317 2405 404 2495 etin
427 2405 521 2484 pleno
546 2405 682 2466 futuram
706 2422 774 2466 esse
799 2407 1002 2468 celeritatem.
1022 2411 1061 2469 Ut
1080 2401 1187 2487 paucis
1208 2428 1277 2471 rem

196 2516 408 2587 absolvamus
426 2515 511 2577 aliud
526 2516 741 2578 mathematici
756 2516 857 2576 nostri
871 2517 1037 2592 infinitum,
1062 2520 1147 2580 aliud
1168 2521 1276 2601 indefi-

195 2635 293 2693 nitum
311 2649 378 2692 esse
398 2632 578 2693 voluerunt.
601 2632 807 2692 Indefinitum
826 2636 938 2693 vocant
953 2634 1038 2711 quod
1054 2639 1102 2695 est
1119 2637 1279 2714 magnitu-

196 2747 263 2807 dini
283 2747 415 2807 cuilibet
432 2748 566 2825 aequale3
581 2747 742 2810 inlinitum
761 2751 883 2824 autem,
903 2750 988 2826 quod
1003 2753 1051 2810 est
1062 2751 1278 2828 magnitudine

196 2863 338 2941 qualibet
350 2863 460 2940 maJus
476 2895 517 2908 -
533 2864 658 2923 Duabus
673 2863 723 2923 his
742 2865 853 2936 rebus
869 2864 953 2924 inter
967 2881 999 2925 se
1016 2882 1113 2942 quam
1130 2866 1280 2928 dissimil-

195 2979 291 3050 limis,
314 2979 400 3040 idem
418 2996 535 3039 nomen
550 2979 750 3052 Aristoteles
771 2982 806 3040 ut
820 2979 901 3038 mihi
921 2979 1055 3052 videtur,
1080 2982 1277 3064 eandemque

194 3093 261 3154 vim
276 3094 435 3155 immerito
450 3094 629 3172 assignavit.

236 3210 458 3270 Confusionem
474 3211 566 3270 istam
578 3210 629 3270 vel
642 3210 780 3270 maxime
796 3210 954 3270 declarant
969 3229 1006 3271 ea
1021 3229 1090 3290 quae
1103 3214 1142 3274 ab
1155 3215 1276 3276 Aristo-

195 3326 258 3386 tele
282 3325 320 3386 de
340 3326 462 3386 ratione
482 3325 573 3385 nihili
600 3325 639 3385 ad
659 3343 828 3386 numerum
857 3327 1056 3388 disseruntur
1076 3325 1084 3364 ⁴
1112 3347 1120 3390 :
1145 3352 1160 3384 «
1181 3331 1275 3391 lnane

197 3463 212 3496 ιι
236 3441 353 3501 nullam
375 3440 468 3501 habet
489 3441 726 3520 proportionem
753 3459 814 3519 qua
836 3445 1004 3520 superetur
1027 3461 1172 3522 corpore,
1196 3445 1277 3506 sicut

197 3580 212 3612 ι
239 3556 323 3617 Nihil
345 3556 467 3617 nullam
491 3557 730 3636 proportionem
755 3557 852 3618 habet
875 3558 914 3618 ad
939 3576 1117 3620 numerum.
1145 3563 1222 3620 Nam
1249 3561 1276 3620 si

227 3815 260 3878 (t)
276 3814 355 3876 Pbps.
373 3817 416 3876 IV,
430 3820 483 3876 215,
496 3813 521 3873 b,
540 3818 567 3863 12
585 3831 590 3862 :
604 3814 632 3863 τὸ
649 3815 675 3864 δὲ
687 3815 757 3863 κενὸν
775 3815 863 3864 οὐδένα
878 3815 929 3880 ἔχει
945 3815 1016 3876 λόγον
1032 3817 1052 3878 ᾧ
1067 3819 1210 3882 ὑπερέχεται
1229 3818 1277 3866 ὑπὸ

193 3909 239 3954 τοὺ
254 3905 377 3968 σώματος,
392 3907 473 3968 ὥσπερ
487 3903 541 3954 οὑδὲ
553 3905 581 3953 τὸ
593 3905 666 3966 μηδὲν
679 3905 736 3966 πρὸς
749 3904 860 3969 ἀριθμόν.
875 3907 903 3954 Εἰ
914 3905 961 3970 ,γὰρ
976 3906 1007 3954 τὰ
1021 3907 1126 3972 τέτταρα
1141 3914 1189 3956 τῶν
1203 3909 1277 3968 τριῶν

194 3995 310 4059 ὑπερέχει
324 3994 368 4052 ἑνί,
382 3993 473 4042 πλείονι
488 3994 513 4042 δὲ
528 3999 579 4042 τοῖν
597 3994 673 4054 δυοῖν,
686 3993 728 4041 καὶ
741 3993 776 4042 ἔτι
787 3993 880 4043 πλείονι
892 3999 938 4043 τοῦ
954 3996 1005 4050 ἑνὸς
1019 3996 1034 4053 ἢ
1046 4001 1095 4044 τοῖν
1107 3997 1183 4053 δυοῖν,
1196 4000 1237 4044 τοῦ
1250 3994 1277 4043 δὲ

186 4083 295 4146 ’μηδενὸς
315 4083 394 4132 οὐκέτι
410 4083 460 4146 ἔχει
476 4083 546 4145 λόγον
564 4083 584 4146 ᾧ
600 4082 721 4146 ὑπερέχει·
738 4082 831 4140 ἀνάγκη
845 4083 889 4146 γὰρ
905 4085 933 4133 τὸ
947 4084 1064 4148 ὑπερέχον
1080 4084 1222 4148 διαιρεῖσθαι
1244 4085 1278 4140 εἷς

193 4188 219 4221 τε
233 4173 277 4230 τὴν
289 4173 409 4236 ὑπεροχὴν
426 4173 467 4220 καὶ
481 4172 509 4221 τὸ
524 4171 718 4234 ὑπερεχόμενον,
736 4174 801 4221 ὥστε
816 4172 882 4220 ἔσται
896 4173 928 4220 τὰ
941 4171 1044 4239 τέτταρα
1058 4174 1108 4238 ὅσῳ
1123 4189 1149 4223 τε
1163 4174 1278 4238 ὑπερέχει

193 4262 236 4310 καὶ
251 4262 329 4311 οὐδέν.
