3160 5054
308 536 335 580 12
693 530 774 586 QUID
790 530 1008 581 ARISTOTELES

308 674 487 752 loquamur,
501 672 680 746 materiam,
693 674 836 745 sormam,
849 691 974 733 causam
985 673 1186 748 efficientem,
1199 676 1294 736 linem
1308 675 1396 736 deni-

309 806 371 868 que
393 805 449 849 seu
470 788 681 866 propositum.
704 788 830 859 Quaeret
850 787 981 866 aliquis,
1000 806 1056 849 cur
1074 807 1112 850 ex
1132 807 1240 850 earum
1260 808 1394 852 numero

307 904 428 978 locum,
445 904 531 964 nulla
545 904 649 964 adlata
664 903 801 977 ratione,
816 905 981 982 excerpat?
996 905 1036 964 At
1050 922 1125 965 vero
1139 905 1215 982 quid
1230 905 1314 966 inter
1328 924 1395 966 ma·

306 1019 419 1080 teriam
433 1023 464 1080 et
475 1020 597 1093 locum,
612 1020 720 1079 locum
733 1023 764 1079 et
775 1018 910 1079 sormam
923 1019 1061 1092 intersit,
1075 1019 1210 1080 disseret
1220 1021 1390 1082 uberrima.

306 1134 504 1195 Eldcientem
518 1152 644 1196 causam
659 1134 765 1195 locum
778 1151 847 1194 esse
861 1151 955 1194 nemo
971 1134 1069 1206 dicet,
1087 1135 1206 1214 quippe
1222 1137 1277 1214 qui
1290 1137 1395 1213 jaceat

305 1251 405 1324 iners,
422 1251 461 1310 ad
476 1249 659 1330 recipienda
673 1249 824 1327 quaelibet
838 1253 975 1326 paratus.
996 1251 1106 1310 Restat
1120 1250 1219 1328 igitur
1237 1255 1271 1312 ut
1286 1251 1392 1328 inqui-

304 1383 411 1427 ramus
441 1382 498 1426 cur
523 1365 665 1425 noluerit
689 1364 872 1425 Aristoteles
903 1365 1009 1426 locum
1033 1383 1198 1426 numerare
1225 1366 1258 1426 in
1289 1367 1394 1427 causis

305 1481 368 1540 illis
390 1498 466 1559 quas
486 1481 565 1540 fines
585 1483 678 1540 vocat
699 1482 754 1540 aut
771 1479 947 1558 proposita,
969 1497 1042 1540 cum
1057 1498 1170 1558 corpus
1195 1481 1394 1559 unumquod-

305 1613 365 1674 que
386 1599 497 1674 suopte
517 1597 597 1655 nutu
617 1595 656 1654 ad
678 1595 838 1673 propriam
856 1595 1013 1672 quandam
1033 1598 1065 1655 et
1081 1597 1256 1657 naturalem
1271 1597 1391 1671 sedem,

305 1711 391 1772 velut
415 1711 593 1789 cuppedine
617 1710 736 1787 aliqua,
756 1709 886 1770 tendere
909 1710 1089 1771 arbitretur.
1114 1711 1319 1772 Subdilficilis
1342 1729 1393 1772 res

305 1831 367 1899 est,
397 1830 427 1886 et
442 1843 536 1903 quam
560 1842 662 1903 neque
679 1824 862 1903 Simplicius
884 1842 986 1903 neque
1007 1825 1202 1904 Philoponus
1222 1827 1298 1886 satis
1314 1843 1392 1887 enu-

305 1941 484 2002 cleaverint.
522 1939 753 2000 Animadvertit
775 1940 861 2000 enim
885 1939 1096 2020 Philoponus⁴
1135 1930 1390 2017 mammillam,

304 2074 376 2133 quae
402 2073 476 2116 vere
502 2055 574 2115 finis
603 2055 729 2128 dicitur,
746 2055 814 2133 jam
838 2055 870 2114 in
898 2055 967 2133 ipsa
992 2073 1026 2115 re
1051 2073 1120 2134 quae
1145 2057 1241 2116 finem
1272 2057 1394 2136 appetit

305 2172 432 2232 insitam
456 2189 541 2244 esse,
570 2170 648 2230 adeo
677 2174 712 2230 ut
738 2188 829 2232 suum
858 2187 908 2230 res
938 2188 1136 2248 unaquaeque
1164 2172 1261 2232 tinem
1285 2175 1393 2250 potes-

304 2292 367 2349 tate
389 2288 558 2358 contineat,
579 2285 722 2364 ejusdem
738 2291 875 2360 naturae,
891 2287 1034 2365 eJusdem
1053 2288 1149 2347 etiam
1165 2287 1304 2348 nominis
1324 2305 1395 2365 par-

304 2403 404 2480 ticeps
424 2421 430 2462 :
450 2403 584 2476 bonum,
603 2401 740 2479 exempli
759 2402 872 2479 gratia,
890 2403 957 2480 jam
975 2402 1128 2480 appellari
1153 2402 1257 2463 virum
1279 2402 1334 2480 qui
1353 2402 1393 2462 ad

304 2519 439 2591 bonum,
453 2517 591 2578 velutad
605 2518 717 2592 finem,
732 2517 912 2578 contendat.
927 2517 1118 2596 Participem
1129 2535 1204 2578 vero
1214 2518 1275 2578 loci
1289 2518 1391 2591 illius,

306 2634 359 2694 ubi
374 2634 519 2711 quietura
534 2634 588 2711 sit,
608 2650 679 2692 eam
693 2650 762 2693 rem
777 2633 863 2692 nullo
879 2633 974 2698 modo
989 2649 1082 2710 posse
1099 2633 1162 2693 dici
1176 2651 1247 2711 quae
1261 2651 1393 2693 movea-

305 2753 366 2809 tur.
386 2749 470 2808 Nihil
489 2765 558 2808 esse
574 2749 671 2826 igitur
686 2749 758 2808 loco
776 2765 850 2808 cum
869 2749 931 2807 fine
950 2765 1128 2808 commune.
1149 2748 1287 2809 Eandem
1305 2748 1393 2826 apud

306 2865 523 2943 Simplicium,
549 2865 682 2924 diversis
709 2865 830 2937 verbis,
854 2865 1148 2943 interpretationem
1176 2865 1357 2924 invenimus
1383 2881 1389 2922 :

307 2981 469 3058 proprium
482 2980 527 3040 rei
542 2981 695 3058 cujusque
707 2980 802 3040 finem
814 2997 898 3055 esse,
911 2979 1018 3040 locum
1029 2983 1151 3053 autem,
1168 2983 1202 3039 ut
1215 2979 1260 3038 ita
1273 2978 1392 3051 dicam,

306 3092 508 3172 publicum2.
531 3129 571 3136 —
594 3097 657 3154 Nos
680 3112 755 3154 vero
778 3099 809 3154 et
827 3095 887 3155 hoc
911 3099 942 3154 et
962 3095 1042 3155 illud
1065 3111 1255 3172 responsum
1277 3110 1393 3172 parum

308 3213 555 3270 consentaneum
574 3209 766 3270 Aristotelian
787 3209 963 3288 disciplinae
982 3209 1166 3270 dixerimus.
1182 3209 1290 3268 Placet
1305 3207 1392 3268 enirn

306 3324 468 3384 Aristoteli
486 3328 603 3384 certam
622 3325 779 3385 elemento
799 3325 913 3402 cuique
932 3325 1122 3403 assignatam
1141 3341 1209 3384 esse
1224 3323 1257 3382 in
1271 3322 1392 3383 mundo

306 3439 478 3516 regionem,
491 3439 576 3500 haud
589 3439 680 3499 aliter
691 3443 784 3517 atque
796 3440 891 3499 finem
904 3439 1036 3499 motioni
1049 3439 1180 3499 cuilibet
1192 3455 1295 3499 suum.
1309 3437 1392 3498 lllud

337 3627 370 3688 tt)
385 3625 485 3687 Philop.
501 3625 531 3672 lu
545 3624 639 3686 Phys,
650 3623 689 3674 ed.
704 3623 801 3682 Vitelli,
815 3638 840 3687 p.
855 3627 910 3683 509,
926 3624 943 3672 l.
960 3629 990 3674 29
1003 3645 1009 3674 :
1023 3625 1082 3688 φημὶ
1096 3623 1138 3674 οὖν
1153 3629 1248 3690 πρῶτον
1265 3624 1317 3685 μέν,
1331 3625 1392 3688 ὅπερ

305 3717 351 3774 ἤδη
365 3715 466 3779 εἴρηται,
481 3715 518 3762 ὅτι
530 3712 561 3761 τὰ
572 3713 685 3776 ἐφιέμενά
694 3730 759 3769 τινος
772 3715 880 3776 τυχόντα
891 3713 963 3762 αὐτοῦ
972 3713 1053 3762 ἐκεῖνό
1064 3730 1090 3762 τε
1103 3713 1194 3774 γίνεται
1206 3711 1269 3760 κατὰ
1282 3713 1392 3772 δύναμιν,

307 3804 367 3868 ὅπερ
382 3804 434 3852 ἐστὶ
450 3803 478 3850 τὸ
491 3802 589 3863 ἐοετόν,
607 3803 649 3849 καὶ
664 3802 689 3858 ἐξ
703 3803 778 3851 αὐτοῦ
791 3803 1001 3865 παρονομάζεται,
1017 3802 1077 3857 ἴσως
1095 3801 1121 3850 δὲ
1137 3803 1234 3850 καὶτοῦ
1248 3801 1325 3850 αὐτοῦ
1337 3817 1392 3849 κοι-

307 3897 382 3941 νωνεῖ
398 3890 556 3954 όνόματος...,
572 3891 598 3940 τὸ
613 3890 639 3938 δὲ
653 3889 731 3940 τόπου
745 3891 867 3954 ἐφιέμενον
880 3891 937 3940 οὔτε
948 3891 1019 3947 τόπος
1031 3890 1125 3953 γίνεται
1138 3890 1194 3938 οὔτε
1208 3890 1232 3946 ἐξ
1244 3890 1319 3938 αὐτοῦ
1333 3905 1394 3953 παρ-

308 3979 457 4042 ονομάζεται.

339 4069 372 4132 (2)
388 4067 531 4131 Simplicius
548 4070 577 4118 t'n
592 4069 685 4130 Phys„
705 4069 745 4119 ed.
767 4069 849 4128 Diels,
866 4081 890 4130 p.
907 4073 964 4130 533,
984 4067 1046 4117 129
1064 4086 1069 4117 ε
1089 4074 1161 4118 τοῦτο
1178 4069 1204 4118 δὲ
1224 4067 1331 4132 μάλιστα
1346 4070 1390 4132 ῥη·

306 4159 371 4218 τέον,
387 4157 423 4206 ότι
433 4159 453 4206 εἰ
467 4160 479 4206 ὁ
494 4157 566 4214 τόπος
580 4157 596 4220 ᾖ
610 4157 683 4214 τόπος
698 4159 764 4214 τέλος
779 4158 856 4216 ἐστίν,
870 4159 923 4207 ὅθεν
936 4159 962 4207 δὲ
974 4157 1060 4215 ἔξεισιν
1076 4159 1141 4223 ὕδωρ
1157 4159 1208 4208 ἐκεῖ
1221 4157 1314 4220 γίνεται
1328 4157 1390 4219 ἀήρ,

308 4247 378 4296 ἔσται
394 4251 441 4295 τῶν
458 4247 576 4310 διαφόρων
592 4247 714 4310 σωμάτων
729 4247 757 4296 τὸ
773 4247 832 4296 αὐτὸ
846 4248 921 4298 τέλος.

1549 65 1563 578 ᾗ
