3160 5054
555 510 598 558 Du
614 507 699 560 Loco
717 509 878 560 sensuum.
1224 513 1252 561 17

175 652 359 731 intellegere
380 669 565 732 possumne,
587 651 841 730 magnitudinem
860 655 950 712 vocat
969 653 1154 714 Aristoteles
1176 647 1253 714 illud

175 767 258 846 quod
273 769 436 842 terminat,
452 767 680 847 magnitudinis
699 772 805 830 autem
826 767 1074 830 intervallumid
1094 768 1179 847 q'ucd
1193 772 1254 830 ter·

101 925 111 944 .
174 883 323 944 minatur.
341 883 546 964 Quapropter,
568 883 594 944 si
615 883 784 945 terminum
806 884 923 945 dixeris
943 902 1011 944 esse
1031 884 1179 958 formam,
1201 885 1256 944 fiet

173 999 351 1059 necessario
369 1001 405 1059 ut
419 997 452 1059 id
467 998 551 1075 quod
571 1015 589 1058 a
608 997 708 1058 lorma
722 997 895 1059 terminum
914 1002 945 1058 et
961 998 1111 1060 allectum
1124 998 1253 1078 accipit,

174 1131 232 1192 per
246 1131 279 1174 se
296 1118 401 1175 autem
418 1114 555 1176 termino
576 1117 607 1174 et
622 1114 735 1174 ellectu
760 1117 858 1186 caret,
876 1114 1007 1174 materia
1027 1114 1257 1185 sit..Quatenus

174 1230 271 1307 igitur
284 1231 390 1291 locum
406 1231 587 1292 existimant
603 1229 746 1290 nonnulli
767 1247 835 1290 esse
851 1230 1054 1291 intervallum
1069 1230 1258 1309 magnitudi-

175 1345 238 1418 nis,
258 1346 425 1407 materiam
445 1346 622 1424 designant.
638 1380 677 1388 -
691 1346 818 1417 Quaeret
834 1346 949 1425 aliquis
966 1363 973 1406 :
992 1348 1101 1408 Nonne
1117 1347 1193 1407 duas
1207 1364 1258 1408 res

174 1461 374 1522 intervallum
391 1461 562 1540 siguificat,
580 1462 645 1523 sive
668 1462 869 1523 intervallum
886 1477 980 1523 vocas
996 1462 1028 1522 id
1051 1462 1135 1542 quod
1152 1463 1258 1523 termi-

174 1569 252 1638 num
267 1578 485 1639 tantummodo
498 1577 625 1658 accipit,
643 1578 708 1639 sive
724 1577 808 1657 quod
822 1582 853 1638 et
866 1579 1036 1639 allectum?
1047 1579 1258 1640 Posteriorem

173 1694 259 1756 verbi
274 1693 538 1772 significationem
554 1694 581 1754 si
592 1693 770 1770 admiseris,
783 1693 984 1756 intervallum
995 1689 1074 1755 nihil
1085 1695 1171 1756 aliud
1184 1712 1259 1756 sane

174 1810 233 1870 tibi
248 1811 308 1870 erit
325 1810 386 1870 nisi
404 1810 692 1889 materia,.quippe
709 1810 794 1888 quod
810 1810 937 1872 allectus
953 1829 1010 1871 seu
1027 1811 1195 1889 qualitates
1213 1827 1260 1871 re-

175 1929 342 2006 cepturum
359 1925 401 1985 sit
415 1929 447 1986 et
457 1926 525 2004 jam
538 1929 692 2006 potestate
704 1926 880 1987 contineat.
898 1927 988 1987 Prior
1001 1931 1108 1988 autem
1122 1945 1158 1986 ea
1170 1927 1259 1988 verbi

174 2041 222 2102 vis
240 2045 302 2116 est,
319 2044 354 2102 ut
370 2041 571 2103 intervallum
590 2042 744 2102 terminos
762 2043 921 2121 quoslibet
940 2043 1088 2121 accipiat,
1108 2043 1141 2102 in
1159 2043 1260 2122 sphae-

174 2175 241 2218 ram
260 2159 412 2236 figuretur
425 2162 480 2218 aut
494 2157 672 2237 cylindrum
691 2162 746 2219 aut
760 2159 854 2219 aliam
871 2176 1103 2237 quamcumque
1123 2158 1259 2220 formam
1286 2229 1289 2240 ¹

173 2274 412 2351 geometricam,
435 2274 580 2353 physicos
602 2292 692 2347 vero,
714 2279 749 2336 ut
771 2275 815 2335 ita
836 2274 954 2348 dicam,
978 2275 1109 2336 allectus
1129 2275 1258 2336 omnino

173 2389 304 2468 rejiciat.
322 2391 529 2451 Intervallum
549 2390 574 2450 si
594 2390 638 2450 ita
654 2391 863 2466 intellexeris,
876 2391 943 2470 Jam
958 2409 1020 2451 non
1036 2391 1097 2452 erit
1113 2391 1256 2463 materia,

174 2505 228 2567 sed
240 2524 381 2568 vacuum.
400 2506 584 2567 Aristoteles
595 2511 701 2568 autem
714 2525 786 2568 oum
801 2507 1002 2568 intervallum
1018 2511 1110 2568 vocat
1125 2507 1157 2568 id
1171 2507 1258 2585 quod

174 2627 206 2682 et
220 2623 390 2683 terminum
399 2626 435 2712 et
450 2624 600 2684 allectum
613 2623 742 2702 accipit,
756 2623 846 2701 quasi
860 2627 1018 2703 nequeant
1033 2623 1171 2701 disjungi
1186 2641 1258 2702 geo·

174 2738 312 2798 metricae
327 2737 527 2817 physicaeque
548 2739 732 2817 qualitates,
753 2757 858 2799 nonne
874 2738 912 2800 de
927 2756 961 2799 re
975 2738 1043 2818 ipsa
1059 2739 1255 2818 praejudicat,

174 2852 253 2913 adeo
270 2856 315 2926 ut,
333 2853 435 2931 specie
458 2854 668 2929 delinitionis,
685 2872 818 2916 vacuum
837 2855 1039 2916 intervallum
1059 2873 1116 2934 per
1133 2872 1166 2915 se
1188 2871 1256 2916 esse

173 2968 302 3030 omnino
317 2971 429 3048 neget?
446 3005 481 3013 -—
498 2972 676 3032 Incurreret
693 2970 823 3049 quidem
838 2971 872 3030 in
888 2970 949 3031 hoc
968 2970 1087 3032 crimen
1100 2970 1255 3032 Aristote-

172 3085 234 3159 les,
251 3085 311 3146 nisi
331 3089 415 3146 esset
432 3091 542 3165 postea
562 3090 671 3148 contra
685 3104 822 3148 vacuum
840 3085 989 3148 dicturus.
1012 3089 1100 3147 Nunc
1115 3087 1255 3166 priorem

172 3200 259 3260 illam
279 3203 364 3264 verbi
385 3202 649 3281 significationem
665 3202 792 3263 silentio
810 3203 952 3280 praeterit
966 3220 973 3263 ε
989 3219 1100 3263 eorum
1119 3206 1255 3263 tantum-

172 3316 267 3377 modo
288 3319 477 3380 sententiam
498 3321 636 3398 spectat,
657 3319 709 3397 qui
731 3319 838 3379 locum
859 3318 1051 3379 arbitrantur
1074 3318 1252 3392 materiale,

171 3432 198 3492 si
213 3432 256 3492 ita
265 3432 352 3512 loqui
363 3434 467 3509 liceat,
480 3452 548 3496 esse
560 3434 773 3496 intervallum.
790 3435 870 3506 Quin
883 3434 979 3496 etiam
989 3435 1152 3495 Platonem
1163 3451 1251 3495 reum

169 3546 260 3620 lacit,
277 3547 332 3626 qui
353 3572 368 3604 «
386 3549 519 3610 eandem
533 3565 602 3611 rem
626 3551 852 3612 existimaverit
871 3568 940 3611 esse
964 3550 1130 3611 materiam
1152 3553 1183 3610 et
1201 3567 1252 3610 re-

170 3661 388 3742 ceptaculum⁴
415 3689 441 3724 ».
466 3666 564 3727 Nobis
588 3685 678 3742 vero,
708 3666 734 3726 si
757 3668 852 3728 verbo
876 3665 1017 3727 materiae
1037 3665 1251 3726 Aristoteliam

169 3893 226 3950 δους
239 3895 280 3944 καὶ
299 3895 447 3960 ὡρισμένον,
466 3897 518 3946 olor
533 3898 581 3947 ὑπὸ
600 3898 715 3948 ἐπιπέδου
734 3900 776 3948 καὶ
789 3899 901 3964 πέρατος.
917 3897 991 3947 ’Έσιι
1006 3897 1033 3947 δὲ
1052 3900 1161 3946 τοιοῦτον
1177 3899 1192 3956 ἡ
1207 3897 1251 3957 ὕλη

168 3983 210 4030 καὶ
222 3983 250 4032 τὸ
265 3984 387 4050 ἀόριστον·
402 3985 460 4034 ὅταν
474 3985 520 4051 γὰρ
534 3985 648 4051 ἀφαιρεθῇ
663 3989 690 4036 τὸ
704 3988 778 4051 πέρας
789 3989 831 4037 καὶ
845 3988 877 4036 τὰ
887 3987 951 4047 πάθη
966 3993 1008 4046 τῆς
1020 3986 1132 4052 σφαίρας,
1143 3985 1252 4034 λείπεται

169 4070 239 4120 οὐδὲν
253 4073 319 4136 παρὰ
333 4074 376 4132 τὴν
390 4075 457 4134 ὓλην.

202 4159 235 4222 (i)
248 4160 328 4224 altor.
339 4163 382 4222 lV,
392 4168 448 4226 209,
459 4163 484 4228 h,
497 4169 525 4214 10
537 4182 542 4214 :
555 4166 592 4215 διὸ
603 4165 645 4214 καὶ
654 4164 756 4214 Πλάτων
768 4168 811 4226 τὴν
821 4167 878 4226 ὕλην
890 4167 932 4216 καὶ
943 4167 988 4225 τὴν
1000 4165 1086 4231 χώραν
1096 4161 1172 4212 ταύτό
1182 4178 1251 4224 gnoti

168 4248 232 4297 εἶναι
246 4249 270 4298 ἐν
284 4253 319 4312 τῷ
338 4252 442 4316 Τιμαίῳ·
458 4255 486 4303 τὸ
500 4254 547 4320 γὰρ
563 4254 742 4317 μεταληπτικὸν
756 4256 797 4304 καὶ
811 4257 855 4314 τὴν
868 4257 950 4328 greipan
966 4256 992 4304 ἓν
1008 4255 1049 4304 καὶ
1063 4251 1158 4302 ταύτόν.

295 4341 420 4390 Berosus.
1116 4347 1129 4390 2
