<?xml version="1.0" encoding="UTF-8"?>
<!DOCTYPE html PUBLIC "-//W3C//DTD XHTML 1.0 Transitional//EN"
    "http://www.w3.org/TR/xhtml1/DTD/xhtml1-transitional.dtd">
<html xmlns="http://www.w3.org/1999/xhtml" xml:lang="en" lang="en">
 <head>
  <title>
</title>
<meta http-equiv="Content-Type" content="text/html;charset=utf-8" />
  <meta name='ocr-system' content='tesseract 3.04.00' />
  <meta name='ocr-capabilities' content='ocr_page ocr_carea ocr_par ocr_line ocrx_word'/>
</head>
<body>
  <div class='ocr_page' id='page_1' title='image "./quidaristoteles00berggoog_0055.png"; bbox 0 0 3160 5054; ppageno 0'>
   <div class='ocr_carea' id='block_1_1' title="bbox 283 491 985 556">
    <p class='ocr_par' dir='ltr' id='par_1_1' title="bbox 283 491 985 556">
     <span class='ocr_line' id='line_1_1' title="bbox 283 491 985 556; baseline -0.001 -13"><span class='ocrx_word' id='word_1_1' title='bbox 283 495 314 543; x_wconf 86' lang='grc' dir='ltr'><strong>ιι</strong></span> <span class='ocrx_word' id='word_1_2' title='bbox 674 493 754 549; x_wconf 87' lang='lat' dir='ltr'><strong>oum</strong></span> <span class='ocrx_word' id='word_1_3' title='bbox 771 491 985 556; x_wconf 78' lang='lat' dir='ltr'><strong>rnrsrorncus</strong></span> 
     </span>
    </p>
   </div>
   <div class='ocr_carea' id='block_1_2' title="bbox 203 634 1375 2670">
    <p class='ocr_par' dir='ltr' id='par_1_2' title="bbox 203 634 1372 1291">
     <span class='ocr_line' id='line_1_2' title="bbox 324 634 1372 714; baseline -0.001 -18"><span class='ocrx_word' id='word_1_4' title='bbox 324 637 431 698; x_wconf 83' lang='lat' dir='ltr'><strong>Primo</strong></span> <span class='ocrx_word' id='word_1_5' title='bbox 458 636 517 697; x_wconf 83' lang='lat' dir='ltr'><strong>hec</strong></span> <span class='ocrx_word' id='word_1_6' title='bbox 540 635 602 696; x_wconf 93' lang='lat' dir='ltr'><strong>loci</strong></span> <span class='ocrx_word' id='word_1_7' title='bbox 619 635 813 698; x_wconf 80' lang='lat' dir='ltr'><strong>,definitione</strong></span> <span class='ocrx_word' id='word_1_8' title='bbox 842 634 942 696; x_wconf 85' lang='lat' dir='ltr'><strong>multa</strong></span> <span class='ocrx_word' id='word_1_9' title='bbox 962 637 1166 696; x_wconf 80' lang='lat' dir='ltr'><strong>removentur</strong></span> <span class='ocrx_word' id='word_1_10' title='bbox 1190 651 1261 714; x_wconf 85' lang='lat' dir='ltr'><strong>quae</strong></span> <span class='ocrx_word' id='word_1_11' title='bbox 1287 636 1372 696; x_wconf 81' lang='lat' dir='ltr'><strong>viam</strong></span> 
     </span>
     <span class='ocr_line' id='line_1_3' title="bbox 203 749 1372 831; baseline -0.002 -19"><span class='ocrx_word' id='word_1_12' title='bbox 203 793 206 802; x_wconf 83' lang='grc'>-</span> <span class='ocrx_word' id='word_1_13' title='bbox 284 752 514 831; x_wconf 78' lang='lat' dir='ltr'><strong>impediebant</strong></span> <span class='ocrx_word' id='word_1_14' title='bbox 532 753 612 812; x_wconf 86' lang='lat' dir='ltr'><strong>Nam</strong></span> <span class='ocrx_word' id='word_1_15' title='bbox 635 751 662 810; x_wconf 93' lang='lat' dir='ltr'><strong>si</strong></span> <span class='ocrx_word' id='word_1_16' title='bbox 685 751 790 811; x_wconf 88' lang='lat' dir='ltr'><strong>locum</strong></span> <span class='ocrx_word' id='word_1_17' title='bbox 812 749 856 810; x_wconf 87' lang='lat' dir='ltr'><strong>ita</strong></span> <span class='ocrx_word' id='word_1_18' title='bbox 873 749 1052 825; x_wconf 88' lang='lat' dir='ltr'><strong>definieris,</strong></span> <span class='ocrx_word' id='word_1_19' title='bbox 1076 752 1131 810; x_wconf 84' lang='lat' dir='ltr'><strong>fiet</strong></span> <span class='ocrx_word' id='word_1_20' title='bbox 1146 750 1322 811; x_wconf 85' lang='lat' dir='ltr'><strong>necessario</strong></span> <span class='ocrx_word' id='word_1_21' title='bbox 1337 755 1372 811; x_wconf 92' lang='lat' dir='ltr'><strong>ut</strong></span> 
     </span>
     <span class='ocr_line' id='line_1_4' title="bbox 284 865 1372 945; baseline -0.002 -18"><span class='ocrx_word' id='word_1_22' title='bbox 284 868 370 928; x_wconf 87' lang='lat' dir='ltr'><strong>locus</strong></span> <span class='ocrx_word' id='word_1_23' title='bbox 394 867 515 945; x_wconf 91' lang='lat' dir='ltr'><strong>primus</strong></span> <span class='ocrx_word' id='word_1_24' title='bbox 539 883 607 926; x_wconf 86' lang='lat' dir='ltr'><strong>rem</strong></span> <span class='ocrx_word' id='word_1_25' title='bbox 633 865 861 944; x_wconf 79' lang='lat' dir='ltr'>complectatur</span> <span class='ocrx_word' id='word_1_26' title='bbox 885 865 929 926; x_wconf 87' lang='lat' dir='ltr'><strong>ibi</strong></span> <span class='ocrx_word' id='word_1_27' title='bbox 954 866 1105 943; x_wconf 78' lang='lat' dir='ltr'>positam,</span> <span class='ocrx_word' id='word_1_28' title='bbox 1135 883 1238 944; x_wconf 91' lang='lat' dir='ltr'><strong>neque</strong></span> <span class='ocrx_word' id='word_1_29' title='bbox 1263 869 1372 926; x_wconf 83' lang='lat' dir='ltr'><strong>tamen</strong></span> 
     </span>
     <span class='ocr_line' id='line_1_5' title="bbox 284 980 1372 1060; baseline -0.002 -18"><span class='ocrx_word' id='word_1_30' title='bbox 284 981 415 1060; x_wconf 86' lang='lat' dir='ltr'><strong>hujusce</strong></span> <span class='ocrx_word' id='word_1_31' title='bbox 429 981 475 1042; x_wconf 87' lang='lat' dir='ltr'><strong>rei</strong></span> <span class='ocrx_word' id='word_1_32' title='bbox 489 999 574 1060; x_wconf 76' lang='lat' dir='ltr'><strong>pare,</strong></span> <span class='ocrx_word' id='word_1_33' title='bbox 589 985 644 1041; x_wconf 85' lang='lat' dir='ltr'><strong>aut</strong></span> <span class='ocrx_word' id='word_1_34' title='bbox 656 981 798 1055; x_wconf 83' lang='lat' dir='ltr'><strong>habitus,</strong></span> <span class='ocrx_word' id='word_1_35' title='bbox 816 983 871 1040; x_wconf 84' lang='lat' dir='ltr'><strong>eut</strong></span> <span class='ocrx_word' id='word_1_36' title='bbox 883 980 1101 1056; x_wconf 84' lang='lat' dir='ltr'><strong>intervallum,</strong></span> <span class='ocrx_word' id='word_1_37' title='bbox 1115 985 1169 1042; x_wconf 85' lang='lat' dir='ltr'><strong>eut</strong></span> <span class='ocrx_word' id='word_1_38' title='bbox 1182 981 1267 1042; x_wconf 82' lang='lat' dir='ltr'><strong>aliud</strong></span> <span class='ocrx_word' id='word_1_39' title='bbox 1282 980 1372 1058; x_wconf 87' lang='lat' dir='ltr'><strong>quid·</strong></span> 
     </span>
     <span class='ocr_line' id='line_1_6' title="bbox 284 1095 1370 1174; baseline 0 -18"><span class='ocrx_word' id='word_1_40' title='bbox 284 1097 363 1158; x_wconf 86' lang='lat' dir='ltr'><strong>libet</strong></span> <span class='ocrx_word' id='word_1_41' title='bbox 386 1097 438 1157; x_wconf 89' lang='lat' dir='ltr'><strong>sit.</strong></span> <span class='ocrx_word' id='word_1_42' title='bbox 462 1097 531 1157; x_wconf 85' lang='lat' dir='ltr'><strong>Fiet</strong></span> <span class='ocrx_word' id='word_1_43' title='bbox 554 1113 682 1174; x_wconf 89' lang='lat' dir='ltr'><strong>quoque</strong></span> <span class='ocrx_word' id='word_1_44' title='bbox 700 1100 737 1156; x_wconf 93' lang='lat' dir='ltr'><strong>ut</strong></span> <span class='ocrx_word' id='word_1_45' title='bbox 754 1095 890 1174; x_wconf 85' lang='lat' dir='ltr'><strong>disjungi</strong></span> <span class='ocrx_word' id='word_1_46' title='bbox 908 1113 926 1154; x_wconf 85' lang='lat' dir='ltr'>a</span> <span class='ocrx_word' id='word_1_47' title='bbox 944 1112 978 1156; x_wconf 87' lang='lat' dir='ltr'><strong>re</strong></span> <span class='ocrx_word' id='word_1_48' title='bbox 1000 1095 1124 1156; x_wconf 87' lang='lat' dir='ltr'><strong>incluse</strong></span> <span class='ocrx_word' id='word_1_49' title='bbox 1146 1100 1243 1174; x_wconf 80' lang='lat' dir='ltr'><strong>queat</strong></span> <span class='ocrx_word' id='word_1_50' title='bbox 1263 1097 1370 1170; x_wconf 78' lang='lat' dir='ltr'><strong>locuS,</strong></span> 
     </span>
     <span class='ocr_line' id='line_1_7' title="bbox 284 1209 1139 1291; baseline -0.005 -17"><span class='ocrx_word' id='word_1_51' title='bbox 284 1230 387 1291; x_wconf 89' lang='lat' dir='ltr'><strong>neque</strong></span> <span class='ocrx_word' id='word_1_52' title='bbox 400 1211 500 1290; x_wconf 84' lang='lat' dir='ltr'><strong>major</strong></span> <span class='ocrx_word' id='word_1_53' title='bbox 512 1212 553 1272; x_wconf 89' lang='lat' dir='ltr'><strong>sit</strong></span> <span class='ocrx_word' id='word_1_54' title='bbox 567 1228 699 1290; x_wconf 84' lang='lat' dir='ltr'><strong>corpore</strong></span> <span class='ocrx_word' id='word_1_55' title='bbox 714 1211 854 1283; x_wconf 78' lang='lat' dir='ltr'><strong>incluSO,</strong></span> <span class='ocrx_word' id='word_1_56' title='bbox 875 1228 980 1289; x_wconf 89' lang='lat' dir='ltr'><strong>neque</strong></span> <span class='ocrx_word' id='word_1_57' title='bbox 1000 1211 1106 1271; x_wconf 89' lang='lat' dir='ltr'><strong>minor</strong></span> <span class='ocrx_word' id='word_1_58' title='bbox 1117 1209 1139 1271; x_wconf 83' lang='lat'><strong>¹.</strong></span> 
     </span>
    </p>

    <p class='ocr_par' dir='ltr' id='par_1_3' title="bbox 240 1327 1375 2670">
     <span class='ocr_line' id='line_1_8' title="bbox 325 1327 1371 1405; baseline -0.002 -17"><span class='ocrx_word' id='word_1_59' title='bbox 325 1328 452 1398; x_wconf 86' lang='lat' dir='ltr'><strong>Quaeres</strong></span> <span class='ocrx_word' id='word_1_60' title='bbox 464 1327 613 1399; x_wconf 83' lang='lat' dir='ltr'><strong>fortusse,</strong></span> <span class='ocrx_word' id='word_1_61' title='bbox 628 1343 775 1405; x_wconf 74' lang='lat' dir='ltr'><strong>quaenam</strong></span> <span class='ocrx_word' id='word_1_62' title='bbox 790 1344 827 1386; x_wconf 85' lang='lat' dir='ltr'><strong>ea</strong></span> <span class='ocrx_word' id='word_1_63' title='bbox 839 1344 889 1386; x_wconf 90' lang='lat' dir='ltr'><strong>res</strong></span> <span class='ocrx_word' id='word_1_64' title='bbox 904 1327 959 1400; x_wconf 90' lang='lat' dir='ltr'><strong>sit,</strong></span> <span class='ocrx_word' id='word_1_65' title='bbox 977 1344 1072 1404; x_wconf 85' lang='lat' dir='ltr'><strong>quem</strong></span> <span class='ocrx_word' id='word_1_66' title='bbox 1085 1327 1300 1387; x_wconf 88' lang='lat' dir='ltr'><strong>continentem</strong></span> <span class='ocrx_word' id='word_1_67' title='bbox 1314 1345 1371 1386; x_wconf 89' lang='lat' dir='ltr'><strong>vo-</strong></span> 
     </span>
     <span class='ocr_line' id='line_1_9' title="bbox 285 1441 1372 1520; baseline -0.002 -16"><span class='ocrx_word' id='word_1_68' title='bbox 285 1445 415 1504; x_wconf 81' lang='lat' dir='ltr'><strong>cemus?</strong></span> <span class='ocrx_word' id='word_1_69' title='bbox 437 1445 475 1502; x_wconf 85' lang='lat' dir='ltr'><strong>Et</strong></span> <span class='ocrx_word' id='word_1_70' title='bbox 496 1442 628 1516; x_wconf 91' lang='lat' dir='ltr'><strong>merito,</strong></span> <span class='ocrx_word' id='word_1_71' title='bbox 652 1441 804 1518; x_wconf 85' lang='lat' dir='ltr'><strong>quoniam</strong></span> <span class='ocrx_word' id='word_1_72' title='bbox 825 1442 911 1502; x_wconf 83' lang='lat' dir='ltr'><strong>nulle</strong></span> <span class='ocrx_word' id='word_1_73' title='bbox 936 1458 986 1501; x_wconf 87' lang='lat' dir='ltr'><strong>res</strong></span> <span class='ocrx_word' id='word_1_74' title='bbox 1010 1441 1193 1502; x_wconf 88' lang='lat' dir='ltr'><strong>invenietur</strong></span> <span class='ocrx_word' id='word_1_75' title='bbox 1214 1460 1286 1520; x_wconf 83' lang='lat' dir='ltr'><strong>quae</strong></span> <span class='ocrx_word' id='word_1_76' title='bbox 1308 1459 1372 1502; x_wconf 91' lang='lat' dir='ltr'><strong>non</strong></span> 
     </span>
     <span class='ocr_line' id='line_1_10' title="bbox 286 1556 1370 1638; baseline -0.002 -20"><span class='ocrx_word' id='word_1_77' title='bbox 286 1564 391 1637; x_wconf 84' lang='lat' dir='ltr'><strong>partes</strong></span> <span class='ocrx_word' id='word_1_78' title='bbox 407 1556 536 1638; x_wconf 87' lang='lat' dir='ltr'><strong>quidem</strong></span> <span class='ocrx_word' id='word_1_79' title='bbox 552 1573 626 1616; x_wconf 84' lang='lat' dir='ltr'><strong>suas</strong></span> <span class='ocrx_word' id='word_1_80' title='bbox 644 1556 812 1616; x_wconf 86' lang='lat' dir='ltr'><strong>contineat.</strong></span> <span class='ocrx_word' id='word_1_81' title='bbox 830 1557 950 1633; x_wconf 86' lang='lat' dir='ltr'><strong>ltaque,</strong></span> <span class='ocrx_word' id='word_1_82' title='bbox 968 1557 994 1616; x_wconf 93' lang='lat' dir='ltr'><strong>si</strong></span> <span class='ocrx_word' id='word_1_83' title='bbox 1008 1556 1153 1634; x_wconf 90' lang='lat' dir='ltr'><strong>protinus</strong></span> <span class='ocrx_word' id='word_1_84' title='bbox 1165 1557 1370 1634; x_wconf 64' lang='lat' dir='ltr'><strong>judicaveris</strong></span> 
     </span>
     <span class='ocr_line' id='line_1_11' title="bbox 286 1670 1370 1750; baseline -0.001 -17"><span class='ocrx_word' id='word_1_85' title='bbox 286 1689 379 1733; x_wconf 87' lang='lat' dir='ltr'><strong>omne</strong></span> <span class='ocrx_word' id='word_1_86' title='bbox 392 1689 506 1750; x_wconf 89' lang='lat' dir='ltr'><strong>corpus</strong></span> <span class='ocrx_word' id='word_1_87' title='bbox 521 1670 631 1732; x_wconf 87' lang='lat' dir='ltr'><strong>credes</strong></span> <span class='ocrx_word' id='word_1_88' title='bbox 645 1688 713 1732; x_wconf 87' lang='lat' dir='ltr'><strong>esse</strong></span> <span class='ocrx_word' id='word_1_89' title='bbox 726 1671 865 1750; x_wconf 86' lang='lat' dir='ltr'><strong>partium</strong></span> <span class='ocrx_word' id='word_1_90' title='bbox 881 1688 1005 1743; x_wconf 86' lang='lat' dir='ltr'><strong>earum,</strong></span> <span class='ocrx_word' id='word_1_91' title='bbox 1023 1689 1103 1749; x_wconf 83' lang='lat' dir='ltr'><strong>quas</strong></span> <span class='ocrx_word' id='word_1_92' title='bbox 1119 1671 1256 1733; x_wconf 86' lang='lat' dir='ltr'><strong>inclusas</strong></span> <span class='ocrx_word' id='word_1_93' title='bbox 1268 1675 1370 1745; x_wconf 89' lang='lat' dir='ltr'><strong>tenet,</strong></span> 
     </span>
     <span class='ocr_line' id='line_1_12' title="bbox 240 1786 1373 1867; baseline 0 -20"><span class='ocrx_word' id='word_1_94' title='bbox 240 1861 243 1867; x_wconf 24' lang='grc' dir='ltr'>Ι</span> <span class='ocrx_word' id='word_1_95' title='bbox 286 1788 400 1847; x_wconf 89' lang='lat' dir='ltr'><strong>locum.</strong></span> <span class='ocrx_word' id='word_1_96' title='bbox 418 1787 587 1848; x_wconf 79' lang='lat' dir='ltr'><strong>Constituit</strong></span> <span class='ocrx_word' id='word_1_97' title='bbox 607 1791 714 1848; x_wconf 88' lang='lat' dir='ltr'><strong>autem</strong></span> <span class='ocrx_word' id='word_1_98' title='bbox 733 1786 917 1848; x_wconf 83' lang='lat' dir='ltr'><strong>Aristoteles</strong></span> <span class='ocrx_word' id='word_1_99' title='bbox 935 1787 1031 1846; x_wconf 84' lang='lat' dir='ltr'><strong>eliam</strong></span> <span class='ocrx_word' id='word_1_100' title='bbox 1047 1803 1116 1847; x_wconf 86' lang='lat' dir='ltr'><strong>esse</strong></span> <span class='ocrx_word' id='word_1_101' title='bbox 1136 1787 1230 1847; x_wconf 85' lang='lat' dir='ltr'><strong>locati</strong></span> <span class='ocrx_word' id='word_1_102' title='bbox 1253 1787 1286 1846; x_wconf 91' lang='lat' dir='ltr'><strong>in</strong></span> <span class='ocrx_word' id='word_1_103' title='bbox 1302 1788 1373 1847; x_wconf 88' lang='lat' dir='ltr'><strong>loco</strong></span> 
     </span>
     <span class='ocr_line' id='line_1_13' title="bbox 286 1901 1372 1980; baseline 0.002 -20"><span class='ocrx_word' id='word_1_104' title='bbox 286 1902 511 1975; x_wconf 84' lang='lat' dir='ltr'><strong>inclusionem,</strong></span> <span class='ocrx_word' id='word_1_105' title='bbox 532 1901 626 1962; x_wconf 84' lang='lat' dir='ltr'><strong>aliam</strong></span> <span class='ocrx_word' id='word_1_106' title='bbox 649 1901 747 1980; x_wconf 85' lang='lat' dir='ltr'><strong>partis</strong></span> <span class='ocrx_word' id='word_1_107' title='bbox 767 1901 800 1960; x_wconf 94' lang='lat' dir='ltr'><strong>in</strong></span> <span class='ocrx_word' id='word_1_108' title='bbox 822 1905 899 1962; x_wconf 91' lang='lat' dir='ltr'><strong>toto.</strong></span> <span class='ocrx_word' id='word_1_109' title='bbox 923 1901 956 1962; x_wconf 82' lang='lat' dir='ltr'><strong>si</strong></span> <span class='ocrx_word' id='word_1_110' title='bbox 980 1905 1126 1963; x_wconf 82' lang='lat' dir='ltr'><strong>continuo</strong></span> <span class='ocrx_word' id='word_1_111' title='bbox 1152 1902 1215 1961; x_wconf 92' lang='lat' dir='ltr'><strong>sint</strong></span> <span class='ocrx_word' id='word_1_112' title='bbox 1234 1902 1268 1962; x_wconf 91' lang='lat' dir='ltr'><strong>id</strong></span> <span class='ocrx_word' id='word_1_113' title='bbox 1286 1901 1372 1980; x_wconf 89' lang='lat' dir='ltr'><strong>quod</strong></span> 
     </span>
     <span class='ocr_line' id='line_1_14' title="bbox 286 2017 1373 2094; baseline -0.001 -17"><span class='ocrx_word' id='word_1_114' title='bbox 286 2017 427 2078; x_wconf 88' lang='lat' dir='ltr'><strong>continet</strong></span> <span class='ocrx_word' id='word_1_115' title='bbox 448 2021 479 2076; x_wconf 86' lang='lat' dir='ltr'><strong>et</strong></span> <span class='ocrx_word' id='word_1_116' title='bbox 499 2017 532 2077; x_wconf 88' lang='lat' dir='ltr'><strong>id</strong></span> <span class='ocrx_word' id='word_1_117' title='bbox 555 2017 639 2094; x_wconf 90' lang='lat' dir='ltr'><strong>quod</strong></span> <span class='ocrx_word' id='word_1_118' title='bbox 661 2017 850 2089; x_wconf 84' lang='lat' dir='ltr'><strong>continetur,</strong></span> <span class='ocrx_word' id='word_1_119' title='bbox 872 2017 969 2077; x_wconf 86' lang='lat' dir='ltr'><strong>habes</strong></span> <span class='ocrx_word' id='word_1_120' title='bbox 987 2017 1198 2077; x_wconf 89' lang='lat' dir='ltr'><strong>inclusionem</strong></span> <span class='ocrx_word' id='word_1_121' title='bbox 1220 2017 1318 2094; x_wconf 83' lang='lat' dir='ltr'><strong>pertis</strong></span> <span class='ocrx_word' id='word_1_122' title='bbox 1340 2017 1373 2076; x_wconf 92' lang='lat' dir='ltr'><strong>in</strong></span> 
     </span>
     <span class='ocr_line' id='line_1_15' title="bbox 287 2130 1374 2211; baseline -0.003 -17"><span class='ocrx_word' id='word_1_123' title='bbox 287 2135 353 2194; x_wconf 90' lang='lat' dir='ltr'><strong>toto</strong></span> <span class='ocrx_word' id='word_1_124' title='bbox 375 2151 382 2192; x_wconf 93' lang='lat'>:</span> <span class='ocrx_word' id='word_1_125' title='bbox 404 2132 428 2191; x_wconf 89' lang='lat' dir='ltr'><strong>si</strong></span> <span class='ocrx_word' id='word_1_126' title='bbox 450 2135 607 2211; x_wconf 77' lang='grc' dir='ltr'>οοιιιίριια,</span> <span class='ocrx_word' id='word_1_127' title='bbox 632 2132 727 2192; x_wconf 84' lang='grc' dir='ltr'>1οοο11</span> <span class='ocrx_word' id='word_1_128' title='bbox 749 2132 783 2191; x_wconf 95' lang='lat' dir='ltr'><strong>in</strong></span> <span class='ocrx_word' id='word_1_129' title='bbox 806 2130 907 2192; x_wconf 78' lang='lat' dir='ltr'><strong>loco².</strong></span> <span class='ocrx_word' id='word_1_130' title='bbox 924 2131 1146 2193; x_wconf 88' lang='lat' dir='ltr'><strong>Definiendum</strong></span> <span class='ocrx_word' id='word_1_131' title='bbox 1166 2135 1274 2192; x_wconf 85' lang='lat' dir='ltr'><strong>autem</strong></span> <span class='ocrx_word' id='word_1_132' title='bbox 1296 2131 1374 2208; x_wconf 90' lang='lat' dir='ltr'><strong>quid</strong></span> 
     </span>
     <span class='ocr_line' id='line_1_16' title="bbox 288 2246 1373 2326; baseline -0.001 -19"><span class='ocrx_word' id='word_1_133' title='bbox 288 2247 472 2326; x_wconf 85' lang='lat' dir='ltr'><strong>contiguum</strong></span> <span class='ocrx_word' id='word_1_134' title='bbox 500 2265 667 2320; x_wconf 88' lang='lat' dir='ltr'><strong>vocemus,</strong></span> <span class='ocrx_word' id='word_1_135' title='bbox 691 2247 768 2324; x_wconf 91' lang='lat' dir='ltr'><strong>quid</strong></span> <span class='ocrx_word' id='word_1_136' title='bbox 797 2247 994 2308; x_wconf 88' lang='lat' dir='ltr'><strong>continuum.</strong></span> <span class='ocrx_word' id='word_1_137' title='bbox 1019 2249 1063 2306; x_wconf 86' lang='lat' dir='ltr'><strong>De</strong></span> <span class='ocrx_word' id='word_1_138' title='bbox 1086 2247 1144 2306; x_wconf 85' lang='lat' dir='ltr'><strong>hac</strong></span> <span class='ocrx_word' id='word_1_139' title='bbox 1169 2246 1373 2306; x_wconf 87' lang='lat' dir='ltr'><strong>distinctione</strong></span> 
     </span>
     <span class='ocr_line' id='line_1_17' title="bbox 287 2361 1374 2441; baseline -0.004 -17"><span class='ocrx_word' id='word_1_140' title='bbox 287 2363 473 2424; x_wconf 86' lang='lat' dir='ltr'><strong>Aristoteles</strong></span> <span class='ocrx_word' id='word_1_141' title='bbox 488 2363 522 2422; x_wconf 92' lang='lat' dir='ltr'><strong>in</strong></span> <span class='ocrx_word' id='word_1_142' title='bbox 535 2363 639 2423; x_wconf 88' lang='lat' dir='ltr'><strong>tribus</strong></span> <span class='ocrx_word' id='word_1_143' title='bbox 652 2362 813 2441; x_wconf 83' lang='lat' dir='ltr'><strong>praecipue</strong></span> <span class='ocrx_word' id='word_1_144' title='bbox 824 2362 902 2422; x_wconf 91' lang='lat' dir='ltr'><strong>locis</strong></span> <span class='ocrx_word' id='word_1_145' title='bbox 914 2362 1078 2435; x_wconf 86' lang='lat' dir='ltr'><strong>disseruit,</strong></span> <span class='ocrx_word' id='word_1_146' title='bbox 1095 2379 1232 2440; x_wconf 90' lang='lat' dir='ltr'><strong>quorum</strong></span> <span class='ocrx_word' id='word_1_147' title='bbox 1248 2361 1326 2421; x_wconf 89' lang='lat' dir='ltr'><strong>duos</strong></span> <span class='ocrx_word' id='word_1_148' title='bbox 1340 2362 1374 2421; x_wconf 94' lang='lat' dir='ltr'><strong>in</strong></span> 
     </span>
     <span class='ocr_line' id='line_1_18' title="bbox 286 2461 1371 2556; baseline -0.001 -19"><span class='ocrx_word' id='word_1_149' title='bbox 286 2478 420 2556; x_wconf 83' lang='lat' dir='ltr'><strong>Physica</strong></span> <span class='ocrx_word' id='word_1_150' title='bbox 444 2477 678 2538; x_wconf 86' lang='lat' dir='ltr'><strong>Auscultatione</strong></span> <span class='ocrx_word' id='word_1_151' title='bbox 698 2477 858 2548; x_wconf 87' lang='lat' dir='ltr'><strong>invenies,</strong></span> <span class='ocrx_word' id='word_1_152' title='bbox 884 2477 1013 2537; x_wconf 88' lang='lat' dir='ltr'><strong>tertium</strong></span> <span class='ocrx_word' id='word_1_153' title='bbox 1036 2477 1068 2536; x_wconf 94' lang='lat' dir='ltr'><strong>in</strong></span> <span class='ocrx_word' id='word_1_154' title='bbox 1095 2461 1371 2555; x_wconf 71' lang='lat' dir='ltr'><strong>Metonhysicis3:</strong></span> 
     </span>
     <span class='ocr_line' id='line_1_19' title="bbox 289 2593 1375 2670; baseline 0.002 -22"><span class='ocrx_word' id='word_1_155' title='bbox 289 2616 304 2648; x_wconf 91' lang='lat'>«</span> <span class='ocrx_word' id='word_1_156' title='bbox 326 2593 477 2670; x_wconf 83' lang='lat' dir='ltr'><strong>Gontigun</strong></span> <span class='ocrx_word' id='word_1_157' title='bbox 499 2593 647 2653; x_wconf 88' lang='lat' dir='ltr'><strong>dicuntur</strong></span> <span class='ocrx_word' id='word_1_158' title='bbox 671 2609 707 2652; x_wconf 86' lang='lat' dir='ltr'><strong>ea</strong></span> <span class='ocrx_word' id='word_1_159' title='bbox 732 2609 870 2670; x_wconf 89' lang='lat' dir='ltr'><strong>quorum</strong></span> <span class='ocrx_word' id='word_1_160' title='bbox 895 2596 1036 2652; x_wconf 84' lang='lat' dir='ltr'><strong>extreme</strong></span> <span class='ocrx_word' id='word_1_161' title='bbox 1063 2595 1135 2652; x_wconf 89' lang='lat' dir='ltr'><strong>sunt</strong></span> <span class='ocrx_word' id='word_1_162' title='bbox 1158 2593 1270 2663; x_wconf 89' lang='lat' dir='ltr'><strong>simul,</strong></span> <span class='ocrx_word' id='word_1_163' title='bbox 1299 2609 1375 2651; x_wconf 92' lang='lat' dir='ltr'><strong>con-</strong></span> 
     </span>
    </p>
   </div>
   <div class='ocr_carea' id='block_1_3' title="bbox 285 2785 1421 4269">
    <p class='ocr_par' dir='ltr' id='par_1_4' title="bbox 288 2785 1383 3028">
     <span class='ocr_line' id='line_1_20' title="bbox 319 2785 1383 2852; baseline 0.001 -17"><span class='ocrx_word' id='word_1_164' title='bbox 319 2785 353 2849; x_wconf 81' lang='lat' dir='ltr'><strong>(l)</strong></span> <span class='ocrx_word' id='word_1_165' title='bbox 368 2785 449 2850; x_wconf 78' lang='lat' dir='ltr'><strong>Phys.</strong></span> <span class='ocrx_word' id='word_1_166' title='bbox 466 2788 509 2846; x_wconf 83' lang='lat' dir='ltr'><strong>lv,</strong></span> <span class='ocrx_word' id='word_1_167' title='bbox 524 2792 581 2846; x_wconf 84' lang='lat'><strong>210,</strong></span> <span class='ocrx_word' id='word_1_168' title='bbox 594 2785 623 2846; x_wconf 90' lang='lat' dir='ltr'><strong>b,</strong></span> <span class='ocrx_word' id='word_1_169' title='bbox 636 2790 666 2835; x_wconf 89' lang='lat'><strong>35</strong></span> <span class='ocrx_word' id='word_1_170' title='bbox 681 2803 685 2834; x_wconf 96' lang='lat'><strong>:</strong></span> <span class='ocrx_word' id='word_1_171' title='bbox 700 2788 814 2850; x_wconf 81' lang='grc' dir='ltr'>ἀξιοῦμεν</span> <span class='ocrx_word' id='word_1_172' title='bbox 826 2789 856 2845; x_wconf 86' lang='grc' dir='ltr'><strong>δὴ</strong></span> <span class='ocrx_word' id='word_1_173' title='bbox 871 2788 913 2836; x_wconf 89' lang='grc' dir='ltr'><strong>τόν</strong></span> <span class='ocrx_word' id='word_1_174' title='bbox 926 2787 1003 2835; x_wconf 84' lang='grc' dir='ltr'>τόπον</span> <span class='ocrx_word' id='word_1_175' title='bbox 1019 2787 1080 2836; x_wconf 82' lang='grc' dir='ltr'>εἶναι</span> <span class='ocrx_word' id='word_1_176' title='bbox 1092 2792 1190 2852; x_wconf 86' lang='grc' dir='ltr'>πρῶτον</span> <span class='ocrx_word' id='word_1_177' title='bbox 1206 2788 1248 2850; x_wconf 82' lang='grc' dir='ltr'>μὲν</span> <span class='ocrx_word' id='word_1_178' title='bbox 1262 2786 1383 2851; x_wconf 81' lang='grc' dir='ltr'>περιέχον,</span> 
     </span>
     <span class='ocr_line' id='line_1_21' title="bbox 288 2874 1374 2941; baseline 0 -17"><span class='ocrx_word' id='word_1_179' title='bbox 288 2877 367 2925; x_wconf 80' lang='grc' dir='ltr'>ἐκεῖνο</span> <span class='ocrx_word' id='word_1_180' title='bbox 382 2876 410 2924; x_wconf 83' lang='grc' dir='ltr'><strong>οὗ</strong></span> <span class='ocrx_word' id='word_1_181' title='bbox 430 2875 504 2932; x_wconf 86' lang='grc' dir='ltr'>τόπος</span> <span class='ocrx_word' id='word_1_182' title='bbox 522 2876 641 2936; x_wconf 83' lang='grc' dir='ltr'>ἐστί,ααί</span> <span class='ocrx_word' id='word_1_183' title='bbox 659 2876 731 2939; x_wconf 81' lang='grc' dir='ltr'>μηδὲν</span> <span class='ocrx_word' id='word_1_184' title='bbox 750 2881 793 2925; x_wconf 83' lang='grc' dir='ltr'>τοῦ</span> <span class='ocrx_word' id='word_1_185' title='bbox 811 2876 965 2940; x_wconf 86' lang='grc' dir='ltr'>πράγματος,</span> <span class='ocrx_word' id='word_1_186' title='bbox 982 2875 1018 2924; x_wconf 84' lang='grc' dir='ltr'><strong>ἔτι</strong></span> <span class='ocrx_word' id='word_1_187' title='bbox 1037 2877 1078 2924; x_wconf 89' lang='grc' dir='ltr'><strong>τόν</strong></span> <span class='ocrx_word' id='word_1_188' title='bbox 1099 2877 1199 2941; x_wconf 81' lang='grc' dir='ltr'>πρῶτον</span> <span class='ocrx_word' id='word_1_189' title='bbox 1218 2877 1293 2925; x_wconf 87' lang='grc' dir='ltr'>τόπον</span> <span class='ocrx_word' id='word_1_190' title='bbox 1315 2874 1374 2938; x_wconf 82' lang='grc' dir='ltr'>μήτ’</span> 
     </span>
     <span class='ocr_line' id='line_1_22' title="bbox 288 2963 1124 3028; baseline 0 -16"><span class='ocrx_word' id='word_1_191' title='bbox 288 2964 381 3013; x_wconf 81' lang='grc' dir='ltr'>ἐλάττω</span> <span class='ocrx_word' id='word_1_192' title='bbox 397 2965 457 3026; x_wconf 81' lang='grc' dir='ltr'>μήτε</span> <span class='ocrx_word' id='word_1_193' title='bbox 475 2964 560 3028; x_wconf 74' lang='grc' dir='ltr'>μείζω,</span> <span class='ocrx_word' id='word_1_194' title='bbox 577 2965 612 3013; x_wconf 81' lang='grc' dir='ltr'><strong>ἔτι</strong></span> <span class='ocrx_word' id='word_1_195' title='bbox 627 2964 802 3014; x_wconf 80' lang='grc' dir='ltr'>ἀπολείπεσθαι</span> <span class='ocrx_word' id='word_1_196' title='bbox 817 2963 923 3013; x_wconf 87' lang='grc' dir='ltr'>ἑκάστου</span> <span class='ocrx_word' id='word_1_197' title='bbox 936 2964 979 3012; x_wconf 78' lang='grc' dir='ltr'>οιαὶ</span> <span class='ocrx_word' id='word_1_198' title='bbox 993 2965 1124 3027; x_wconf 90' lang='grc' dir='ltr'>χωριστόν.</span> 
     </span>
    </p>

    <p class='ocr_par' dir='ltr' id='par_1_5' title="bbox 285 3051 1377 3647">
     <span class='ocr_line' id='line_1_23' title="bbox 317 3051 1376 3117; baseline -0.002 -15"><span class='ocrx_word' id='word_1_199' title='bbox 317 3051 349 3114; x_wconf 86' lang='grc'><strong>(2)</strong></span> <span class='ocrx_word' id='word_1_200' title='bbox 363 3051 444 3116; x_wconf 66' lang='lat' dir='ltr'><strong>Phys.</strong></span> <span class='ocrx_word' id='word_1_201' title='bbox 464 3054 507 3111; x_wconf 89' lang='lat' dir='ltr'><strong>lv,</strong></span> <span class='ocrx_word' id='word_1_202' title='bbox 521 3057 579 3111; x_wconf 85' lang='grc'>211,</span> <span class='ocrx_word' id='word_1_203' title='bbox 593 3067 620 3111; x_wconf 82' lang='grc' dir='ltr'><strong>ιι,</strong></span> <span class='ocrx_word' id='word_1_204' title='bbox 637 3057 666 3102; x_wconf 87' lang='grc'><strong>29</strong></span> <span class='ocrx_word' id='word_1_205' title='bbox 682 3069 688 3100; x_wconf 82' lang='grc' dir='ltr'>ι</span> <span class='ocrx_word' id='word_1_206' title='bbox 702 3054 761 3102; x_wconf 90' lang='grc' dir='ltr'>όταν</span> <span class='ocrx_word' id='word_1_207' title='bbox 780 3055 821 3114; x_wconf 84' lang='grc' dir='ltr'>μὲν</span> <span class='ocrx_word' id='word_1_208' title='bbox 837 3052 878 3102; x_wconf 80' lang='grc' dir='ltr'>οὗν</span> <span class='ocrx_word' id='word_1_209' title='bbox 896 3054 928 3116; x_wconf 79' lang='grc' dir='ltr'><strong>μὴ</strong></span> <span class='ocrx_word' id='word_1_210' title='bbox 945 3053 1088 3117; x_wconf 76' lang='grc' dir='ltr'>διῃρημένον</span> <span class='ocrx_word' id='word_1_211' title='bbox 1103 3053 1117 3115; x_wconf 75' lang='grc' dir='ltr'><strong>ᾖ</strong></span> <span class='ocrx_word' id='word_1_212' title='bbox 1135 3053 1163 3100; x_wconf 89' lang='grc' dir='ltr'>τό</span> <span class='ocrx_word' id='word_1_213' title='bbox 1177 3054 1294 3116; x_wconf 85' lang='grc' dir='ltr'>περιέχον</span> <span class='ocrx_word' id='word_1_214' title='bbox 1313 3053 1376 3102; x_wconf 75' lang='grc' dir='ltr'>ἀλλὰ</span> 
     </span>
     <span class='ocr_line' id='line_1_24' title="bbox 288 3141 1377 3206; baseline 0 -16"><span class='ocrx_word' id='word_1_215' title='bbox 288 3142 399 3204; x_wconf 87' lang='grc' dir='ltr'>συνεχές,</span> <span class='ocrx_word' id='word_1_216' title='bbox 413 3143 458 3206; x_wconf 75' lang='grc' dir='ltr'>οὐχ</span> <span class='ocrx_word' id='word_1_217' title='bbox 470 3145 501 3198; x_wconf 87' lang='grc' dir='ltr'><strong>ὡς,</strong></span> <span class='ocrx_word' id='word_1_218' title='bbox 514 3143 538 3190; x_wconf 88' lang='grc' dir='ltr'>ἑν</span> <span class='ocrx_word' id='word_1_219' title='bbox 553 3141 621 3203; x_wconf 86' lang='grc' dir='ltr'>τόπῳ</span> <span class='ocrx_word' id='word_1_220' title='bbox 635 3142 732 3204; x_wconf 72' lang='grc' dir='ltr'>λέγεται</span> <span class='ocrx_word' id='word_1_221' title='bbox 747 3143 809 3190; x_wconf 84' lang='grc' dir='ltr'>εἶναι</span> <span class='ocrx_word' id='word_1_222' title='bbox 826 3143 850 3190; x_wconf 84' lang='grc' dir='ltr'>ἐν</span> <span class='ocrx_word' id='word_1_223' title='bbox 863 3141 956 3202; x_wconf 87' lang='grc' dir='ltr'>ἐκείνῳ,</span> <span class='ocrx_word' id='word_1_224' title='bbox 973 3141 1023 3190; x_wconf 78' lang='grc' dir='ltr'><strong>ἀλλ’</strong></span> <span class='ocrx_word' id='word_1_225' title='bbox 1037 3145 1069 3198; x_wconf 87' lang='grc' dir='ltr'>ὡς</span> <span class='ocrx_word' id='word_1_226' title='bbox 1082 3141 1153 3206; x_wconf 83' lang='grc' dir='ltr'>μέρος</span> <span class='ocrx_word' id='word_1_227' title='bbox 1165 3141 1190 3189; x_wconf 83' lang='grc' dir='ltr'>ἐν</span> <span class='ocrx_word' id='word_1_228' title='bbox 1203 3143 1261 3205; x_wconf 75' lang='grc' dir='ltr'>ὅλῳ·</span> <span class='ocrx_word' id='word_1_229' title='bbox 1275 3141 1334 3190; x_wconf 85' lang='grc' dir='ltr'>όταν</span> <span class='ocrx_word' id='word_1_230' title='bbox 1349 3142 1377 3190; x_wconf 83' lang='grc' dir='ltr'><strong>δὲ</strong></span> 
     </span>
     <span class='ocr_line' id='line_1_25' title="bbox 285 3229 1376 3295; baseline 0 -17"><span class='ocrx_word' id='word_1_231' title='bbox 285 3231 428 3295; x_wconf 76' lang='grc' dir='ltr'>διῃρημένον</span> <span class='ocrx_word' id='word_1_232' title='bbox 441 3231 455 3292; x_wconf 70' lang='grc' dir='ltr'><strong>ᾖ</strong></span> <span class='ocrx_word' id='word_1_233' title='bbox 467 3232 509 3279; x_wconf 84' lang='grc' dir='ltr'>καὶ</span> <span class='ocrx_word' id='word_1_234' title='bbox 520 3229 673 3293; x_wconf 85' lang='grc' dir='ltr'>ἁπτόμενον,</span> <span class='ocrx_word' id='word_1_235' title='bbox 690 3233 714 3279; x_wconf 86' lang='grc' dir='ltr'>ἐν</span> <span class='ocrx_word' id='word_1_236' title='bbox 726 3231 815 3293; x_wconf 86' lang='grc' dir='ltr'>πρώτῳ</span> <span class='ocrx_word' id='word_1_237' title='bbox 825 3231 876 3279; x_wconf 85' lang='grc' dir='ltr'>ἐστὶ</span> <span class='ocrx_word' id='word_1_238' title='bbox 892 3234 928 3290; x_wconf 90' lang='grc' dir='ltr'>τῷ</span> <span class='ocrx_word' id='word_1_239' title='bbox 943 3230 1040 3295; x_wconf 81' lang='grc' dir='ltr'>ἐσχάτῳ</span> <span class='ocrx_word' id='word_1_240' title='bbox 1057 3235 1100 3278; x_wconf 78' lang='grc' dir='ltr'>τοῦ</span> <span class='ocrx_word' id='word_1_241' title='bbox 1112 3231 1275 3293; x_wconf 79' lang='grc' dir='ltr'>περιέχοντος,</span> <span class='ocrx_word' id='word_1_242' title='bbox 1289 3231 1302 3278; x_wconf 88' lang='grc' dir='ltr'>ό</span> <span class='ocrx_word' id='word_1_243' title='bbox 1320 3229 1376 3279; x_wconf 81' lang='grc' dir='ltr'>οὔτ’</span> 
     </span>
     <span class='ocr_line' id='line_1_26' title="bbox 287 3317 1375 3383; baseline 0.001 -17"><span class='ocrx_word' id='word_1_244' title='bbox 287 3319 339 3367; x_wconf 85' lang='grc' dir='ltr'>ἐστὶ</span> <span class='ocrx_word' id='word_1_245' title='bbox 355 3319 427 3383; x_wconf 81' lang='grc' dir='ltr'>μέρος</span> <span class='ocrx_word' id='word_1_246' title='bbox 441 3324 483 3368; x_wconf 85' lang='grc' dir='ltr'>τοῦ</span> <span class='ocrx_word' id='word_1_247' title='bbox 499 3319 821 3383; x_wconf 55' lang='lat' dir='ltr'><strong>enumerarentur</strong></span> <span class='ocrx_word' id='word_1_248' title='bbox 836 3319 1004 3381; x_wconf 84' lang='grc' dir='ltr'>διαστήματος</span> <span class='ocrx_word' id='word_1_249' title='bbox 1016 3317 1069 3367; x_wconf 77' lang='grc' dir='ltr'>ἀλλ’</span> <span class='ocrx_word' id='word_1_250' title='bbox 1082 3319 1144 3367; x_wconf 77' lang='grc' dir='ltr'>ἴσον,</span> <span class='ocrx_word' id='word_1_251' title='bbox 1164 3338 1176 3360; x_wconf 73' lang='grc' dir='ltr'><strong>ιι</strong></span> <span class='ocrx_word' id='word_1_252' title='bbox 1193 3319 1256 3368; x_wconf 85' lang='lat' dir='ltr'><strong>Cum</strong></span> <span class='ocrx_word' id='word_1_253' title='bbox 1271 3331 1375 3382; x_wconf 78' lang='lat' dir='ltr'><strong>separa-</strong></span> 
     </span>
     <span class='ocr_line' id='line_1_27' title="bbox 290 3405 1375 3472; baseline 0.004 -20"><span class='ocrx_word' id='word_1_254' title='bbox 290 3422 302 3452; x_wconf 87' lang='lat'>«</span> <span class='ocrx_word' id='word_1_255' title='bbox 318 3409 372 3455; x_wconf 90' lang='lat' dir='ltr'><strong>tum</strong></span> <span class='ocrx_word' id='word_1_256' title='bbox 387 3409 425 3456; x_wconf 87' lang='lat' dir='ltr'><strong>est</strong></span> <span class='ocrx_word' id='word_1_257' title='bbox 441 3409 466 3456; x_wconf 89' lang='lat' dir='ltr'><strong>ot</strong></span> <span class='ocrx_word' id='word_1_258' title='bbox 481 3406 643 3469; x_wconf 86' lang='lat' dir='ltr'><strong>contiguum,</strong></span> <span class='ocrx_word' id='word_1_259' title='bbox 660 3407 741 3456; x_wconf 90' lang='lat' dir='ltr'><strong>utitur</strong></span> <span class='ocrx_word' id='word_1_260' title='bbox 758 3406 920 3456; x_wconf 81' lang='lat' dir='ltr'><strong>extremitate</strong></span> <span class='ocrx_word' id='word_1_261' title='bbox 937 3405 974 3455; x_wconf 89' lang='lat' dir='ltr'><strong>rci</strong></span> <span class='ocrx_word' id='word_1_262' title='bbox 986 3405 1143 3455; x_wconf 87' lang='lat' dir='ltr'><strong>continentis</strong></span> <span class='ocrx_word' id='word_1_263' title='bbox 1158 3405 1202 3469; x_wconf 81' lang='grc' dir='ltr'>(τῷ</span> <span class='ocrx_word' id='word_1_264' title='bbox 1217 3407 1315 3472; x_wconf 84' lang='grc' dir='ltr'>ἐσχάτῳ</span> <span class='ocrx_word' id='word_1_265' title='bbox 1332 3413 1375 3456; x_wconf 80' lang='grc' dir='ltr'>τοῦ</span> 
     </span>
     <span class='ocr_line' id='line_1_28' title="bbox 290 3492 1375 3561; baseline 0 -17"><span class='ocrx_word' id='word_1_266' title='bbox 290 3514 302 3537; x_wconf 79' lang='grc' dir='ltr'>ι</span> <span class='ocrx_word' id='word_1_267' title='bbox 317 3495 482 3561; x_wconf 82' lang='grc' dir='ltr'>περιέχοντος)</span> <span class='ocrx_word' id='word_1_268' title='bbox 499 3495 570 3544; x_wconf 84' lang='lat' dir='ltr'><strong>velut</strong></span> <span class='ocrx_word' id='word_1_269' title='bbox 588 3495 644 3544; x_wconf 93' lang='lat' dir='ltr'><strong>loco</strong></span> <span class='ocrx_word' id='word_1_270' title='bbox 659 3495 742 3558; x_wconf 86' lang='lat' dir='ltr'><strong>primo</strong></span> <span class='ocrx_word' id='word_1_271' title='bbox 757 3495 790 3559; x_wconf 82' lang='grc' dir='ltr'>(ἐν</span> <span class='ocrx_word' id='word_1_272' title='bbox 804 3492 921 3560; x_wconf 82' lang='grc' dir='ltr'>πρώτῳ),</span> <span class='ocrx_word' id='word_1_273' title='bbox 937 3507 996 3558; x_wconf 77' lang='grc' dir='ltr'><strong>ηοω</strong></span> <span class='ocrx_word' id='word_1_274' title='bbox 1013 3508 1096 3558; x_wconf 86' lang='lat' dir='ltr'><strong>neque</strong></span> <span class='ocrx_word' id='word_1_275' title='bbox 1114 3496 1196 3558; x_wconf 81' lang='lat' dir='ltr'><strong>major</strong></span> <span class='ocrx_word' id='word_1_276' title='bbox 1212 3509 1319 3559; x_wconf 87' lang='lat' dir='ltr'><strong>corpore</strong></span> <span class='ocrx_word' id='word_1_277' title='bbox 1335 3495 1375 3544; x_wconf 93' lang='lat' dir='ltr'><strong>in·</strong></span> 
     </span>
     <span class='ocr_line' id='line_1_29' title="bbox 291 3573 1374 3647; baseline -0.001 -16"><span class='ocrx_word' id='word_1_278' title='bbox 291 3599 303 3630; x_wconf 89' lang='grc' dir='ltr'>ι</span> <span class='ocrx_word' id='word_1_279' title='bbox 318 3582 389 3632; x_wconf 90' lang='lat' dir='ltr'><strong>cluso</strong></span> <span class='ocrx_word' id='word_1_280' title='bbox 401 3586 452 3642; x_wconf 88' lang='lat' dir='ltr'><strong>est,</strong></span> <span class='ocrx_word' id='word_1_281' title='bbox 465 3597 547 3646; x_wconf 87' lang='lat' dir='ltr'><strong>neque</strong></span> <span class='ocrx_word' id='word_1_282' title='bbox 560 3583 643 3632; x_wconf 87' lang='lat' dir='ltr'><strong>minor</strong></span> <span class='ocrx_word' id='word_1_283' title='bbox 655 3573 709 3646; x_wconf 79' lang='lat' dir='ltr'><strong>ejus</strong></span> <span class='ocrx_word' id='word_1_284' title='bbox 720 3583 895 3647; x_wconf 81' lang='lat' dir='ltr'><strong>magnitudine</strong></span> <span class='ocrx_word' id='word_1_285' title='bbox 908 3584 961 3646; x_wconf 82' lang='grc' dir='ltr'>(τοῦ</span> <span class='ocrx_word' id='word_1_286' title='bbox 971 3584 1154 3647; x_wconf 82' lang='grc' dir='ltr'>διαστήματος),</span> <span class='ocrx_word' id='word_1_287' title='bbox 1168 3583 1214 3633; x_wconf 84' lang='lat' dir='ltr'><strong>scd</strong></span> <span class='ocrx_word' id='word_1_288' title='bbox 1227 3583 1345 3647; x_wconf 75' lang='lat' dir='ltr'><strong>aequalis.</strong></span> <span class='ocrx_word' id='word_1_289' title='bbox 1362 3602 1374 3630; x_wconf 82' lang='grc' dir='ltr'>ν</span> 
     </span>
    </p>

    <p class='ocr_par' dir='ltr' id='par_1_6' title="bbox 289 3667 1421 4269">
     <span class='ocr_line' id='line_1_30' title="bbox 320 3667 1376 3736; baseline 0.001 -17"><span class='ocrx_word' id='word_1_290' title='bbox 320 3671 354 3734; x_wconf 77' lang='lat'><strong>(3)</strong></span> <span class='ocrx_word' id='word_1_291' title='bbox 370 3671 450 3734; x_wconf 70' lang='lat' dir='ltr'><strong>Phys.</strong></span> <span class='ocrx_word' id='word_1_292' title='bbox 467 3674 510 3730; x_wconf 87' lang='lat' dir='ltr'><strong>Vt,</strong></span> <span class='ocrx_word' id='word_1_293' title='bbox 526 3675 584 3731; x_wconf 86' lang='grc'>231,</span> <span class='ocrx_word' id='word_1_294' title='bbox 605 3685 632 3730; x_wconf 81' lang='lat' dir='ltr'><strong>a,</strong></span> <span class='ocrx_word' id='word_1_295' title='bbox 653 3677 682 3722; x_wconf 83' lang='lat'><strong>22</strong></span> <span class='ocrx_word' id='word_1_296' title='bbox 700 3691 705 3722; x_wconf 78' lang='lat' dir='ltr'>z</span> <span class='ocrx_word' id='word_1_297' title='bbox 721 3677 813 3736; x_wconf 81' lang='grc' dir='ltr'>συνεχῆ</span> <span class='ocrx_word' id='word_1_298' title='bbox 829 3674 872 3734; x_wconf 83' lang='grc' dir='ltr'>μὲν</span> <span class='ocrx_word' id='word_1_299' title='bbox 893 3667 926 3722; x_wconf 86' lang='grc' dir='ltr'>ὧν</span> <span class='ocrx_word' id='word_1_300' title='bbox 943 3673 974 3721; x_wconf 88' lang='grc' dir='ltr'>τὰ</span> <span class='ocrx_word' id='word_1_301' title='bbox 991 3672 1086 3736; x_wconf 79' lang='grc' dir='ltr'>ἔσχατα</span> <span class='ocrx_word' id='word_1_302' title='bbox 1105 3673 1144 3734; x_wconf 81' lang='grc' dir='ltr'>ἐ’ν,</span> <span class='ocrx_word' id='word_1_303' title='bbox 1157 3673 1284 3736; x_wconf 82' lang='grc' dir='ltr'>ἁπτόμενα</span> <span class='ocrx_word' id='word_1_304' title='bbox 1303 3674 1323 3721; x_wconf 79' lang='grc' dir='ltr'><strong>δ’</strong></span> <span class='ocrx_word' id='word_1_305' title='bbox 1341 3669 1376 3722; x_wconf 87' lang='grc' dir='ltr'>ὧν</span> 
     </span>
     <span class='ocr_line' id='line_1_31' title="bbox 290 3751 1421 3827; baseline 0.001 -17"><span class='ocrx_word' id='word_1_306' title='bbox 290 3761 350 3824; x_wconf 76' lang='grc' dir='ltr'>ἅμα.</span> <span class='ocrx_word' id='word_1_307' title='bbox 368 3787 399 3796; x_wconf 80' lang='lat'><em>-</em></span> <span class='ocrx_word' id='word_1_308' title='bbox 414 3761 566 3825; x_wconf 72' lang='lat' dir='ltr'><strong>MetaphyS.</strong></span> <span class='ocrx_word' id='word_1_309' title='bbox 582 3763 617 3820; x_wconf 90' lang='grc' dir='ltr'><strong>Χ,</strong></span> <span class='ocrx_word' id='word_1_310' title='bbox 636 3765 694 3812; x_wconf 85' lang='grc'>1068</span> <span class='ocrx_word' id='word_1_311' title='bbox 700 3799 709 3823; x_wconf 84' lang='grc'>,</span> <span class='ocrx_word' id='word_1_312' title='bbox 724 3761 752 3820; x_wconf 82' lang='grc'><strong>1),</strong></span> <span class='ocrx_word' id='word_1_313' title='bbox 770 3765 812 3820; x_wconf 88' lang='grc'><strong>27;</strong></span> <span class='ocrx_word' id='word_1_314' title='bbox 831 3765 905 3822; x_wconf 86' lang='grc'>1069,</span> <span class='ocrx_word' id='word_1_315' title='bbox 920 3774 948 3820; x_wconf 83' lang='lat' dir='ltr'><strong>u,</strong></span> <span class='ocrx_word' id='word_1_316' title='bbox 967 3769 981 3810; x_wconf 84' lang='lat' dir='ltr'><strong>o</strong></span> <span class='ocrx_word' id='word_1_317' title='bbox 1000 3777 1005 3808; x_wconf 76' lang='grc' dir='ltr'>ε</span> <span class='ocrx_word' id='word_1_318' title='bbox 1021 3761 1156 3810; x_wconf 75' lang='grc' dir='ltr'>’Ἀπτεσόαι</span> <span class='ocrx_word' id='word_1_319' title='bbox 1173 3763 1198 3810; x_wconf 88' lang='grc' dir='ltr'><strong>δὲ</strong></span> <span class='ocrx_word' id='word_1_320' title='bbox 1214 3756 1248 3810; x_wconf 81' lang='grc' dir='ltr'>ὧν</span> <span class='ocrx_word' id='word_1_321' title='bbox 1264 3762 1295 3810; x_wconf 86' lang='grc' dir='ltr'>τὰ</span> <span class='ocrx_word' id='word_1_322' title='bbox 1310 3762 1377 3827; x_wconf 75' lang='grc' dir='ltr'>ἄκρα</span> <span class='ocrx_word' id='word_1_323' title='bbox 1414 3751 1421 3762; x_wconf 57' lang='grc'><em>“</em></span> 
     </span>
     <span class='ocr_line' id='line_1_32' title="bbox 291 3849 1375 3915; baseline -0.002 -17"><span class='ocrx_word' id='word_1_324' title='bbox 291 3850 370 3910; x_wconf 80' lang='grc' dir='ltr'>ἅμα...</span> <span class='ocrx_word' id='word_1_325' title='bbox 383 3851 455 3908; x_wconf 87' lang='grc' dir='ltr'>Λέγω</span> <span class='ocrx_word' id='word_1_326' title='bbox 465 3851 491 3898; x_wconf 79' lang='grc' dir='ltr'><strong>δὲ</strong></span> <span class='ocrx_word' id='word_1_327' title='bbox 504 3849 603 3912; x_wconf 86' lang='grc' dir='ltr'>σννεχὲς</span> <span class='ocrx_word' id='word_1_328' title='bbox 614 3850 671 3899; x_wconf 91' lang='grc' dir='ltr'>όταν</span> <span class='ocrx_word' id='word_1_329' title='bbox 683 3850 757 3900; x_wconf 84' lang='grc' dir='ltr'>ταύτό</span> <span class='ocrx_word' id='word_1_330' title='bbox 767 3853 865 3913; x_wconf 84' lang='grc' dir='ltr'>γένηται</span> <span class='ocrx_word' id='word_1_331' title='bbox 877 3852 919 3899; x_wconf 84' lang='grc' dir='ltr'>ιιαὶ</span> <span class='ocrx_word' id='word_1_332' title='bbox 933 3851 958 3900; x_wconf 82' lang='grc' dir='ltr'>ἓν</span> <span class='ocrx_word' id='word_1_333' title='bbox 970 3851 997 3900; x_wconf 86' lang='grc' dir='ltr'>τό</span> <span class='ocrx_word' id='word_1_334' title='bbox 1010 3851 1130 3915; x_wconf 79' lang='grc' dir='ltr'>ἑκατέρου</span> <span class='ocrx_word' id='word_1_335' title='bbox 1146 3851 1218 3912; x_wconf 86' lang='grc' dir='ltr'>πέρας</span> <span class='ocrx_word' id='word_1_336' title='bbox 1231 3851 1266 3906; x_wconf 81' lang='grc' dir='ltr'>οἷς</span> <span class='ocrx_word' id='word_1_337' title='bbox 1282 3851 1375 3900; x_wconf 84' lang='grc' dir='ltr'>άπτον-</span> 
     </span>
     <span class='ocr_line' id='line_1_33' title="bbox 290 3937 1378 4004; baseline 0 -18"><span class='ocrx_word' id='word_1_338' title='bbox 290 3955 330 3987; x_wconf 89' lang='grc' dir='ltr'><strong>ται</strong></span> <span class='ocrx_word' id='word_1_339' title='bbox 345 3939 387 3986; x_wconf 82' lang='grc' dir='ltr'>καὶ</span> <span class='ocrx_word' id='word_1_340' title='bbox 401 3939 551 4003; x_wconf 88' lang='grc' dir='ltr'>συνέχονται.</span> <span class='ocrx_word' id='word_1_341' title='bbox 567 3965 598 3974; x_wconf 85' lang='lat'>-</span> <span class='ocrx_word' id='word_1_342' title='bbox 612 3939 690 4002; x_wconf 71' lang='lat' dir='ltr'><strong>Phys.</strong></span> <span class='ocrx_word' id='word_1_343' title='bbox 707 3940 737 3998; x_wconf 88' lang='lat' dir='ltr'><strong>V,</strong></span> <span class='ocrx_word' id='word_1_344' title='bbox 752 3943 811 3998; x_wconf 89' lang='grc'>227,</span> <span class='ocrx_word' id='word_1_345' title='bbox 828 3953 855 3998; x_wconf 85' lang='lat' dir='ltr'><strong>e,</strong></span> <span class='ocrx_word' id='word_1_346' title='bbox 872 3943 897 3988; x_wconf 84' lang='lat'><strong>11</strong></span> <span class='ocrx_word' id='word_1_347' title='bbox 911 3951 967 4002; x_wconf 84' lang='lat' dir='ltr'><strong>sqq.</strong></span> <span class='ocrx_word' id='word_1_348' title='bbox 981 3957 987 3986; x_wconf 88' lang='lat'>:</span> <span class='ocrx_word' id='word_1_349' title='bbox 1000 3939 1061 4000; x_wconf 79' lang='grc' dir='ltr'>λέγω</span> <span class='ocrx_word' id='word_1_350' title='bbox 1077 3937 1103 3988; x_wconf 84' lang='grc' dir='ltr'><strong>δ’</strong></span> <span class='ocrx_word' id='word_1_351' title='bbox 1117 3939 1180 3988; x_wconf 83' lang='grc' dir='ltr'>εἶναι</span> <span class='ocrx_word' id='word_1_352' title='bbox 1194 3940 1302 4004; x_wconf 87' lang='grc' dir='ltr'>συνεχές,</span> <span class='ocrx_word' id='word_1_353' title='bbox 1318 3940 1378 3988; x_wconf 87' lang='grc' dir='ltr'>όταν</span> 
     </span>
     <span class='ocr_line' id='line_1_34' title="bbox 289 4027 1377 4092; baseline 0 -16"><span class='ocrx_word' id='word_1_354' title='bbox 289 4027 364 4076; x_wconf 76' lang='grc' dir='ltr'>ταύτό</span> <span class='ocrx_word' id='word_1_355' title='bbox 378 4027 477 4089; x_wconf 85' lang='grc' dir='ltr'>γένηται</span> <span class='ocrx_word' id='word_1_356' title='bbox 492 4028 533 4076; x_wconf 83' lang='grc' dir='ltr'>καὶ</span> <span class='ocrx_word' id='word_1_357' title='bbox 548 4027 572 4076; x_wconf 81' lang='grc' dir='ltr'>ἓν</span> <span class='ocrx_word' id='word_1_358' title='bbox 586 4028 613 4076; x_wconf 88' lang='grc' dir='ltr'>τό</span> <span class='ocrx_word' id='word_1_359' title='bbox 629 4027 744 4092; x_wconf 78' lang='grc' dir='ltr'>ἑκατέρου</span> <span class='ocrx_word' id='word_1_360' title='bbox 755 4028 829 4091; x_wconf 83' lang='grc' dir='ltr'>πέρας</span> <span class='ocrx_word' id='word_1_361' title='bbox 844 4028 878 4084; x_wconf 85' lang='grc' dir='ltr'>οἷς</span> <span class='ocrx_word' id='word_1_362' title='bbox 893 4028 1023 4088; x_wconf 85' lang='grc' dir='ltr'>ἅπτονται,</span> <span class='ocrx_word' id='word_1_363' title='bbox 1037 4029 1080 4077; x_wconf 75' lang='grc' dir='ltr'>καὶ</span> <span class='ocrx_word' id='word_1_364' title='bbox 1093 4030 1177 4092; x_wconf 83' lang='grc' dir='ltr'>ὥσπερ</span> <span class='ocrx_word' id='word_1_365' title='bbox 1189 4027 1302 4090; x_wconf 83' lang='grc' dir='ltr'>σημαίνει</span> <span class='ocrx_word' id='word_1_366' title='bbox 1316 4029 1377 4077; x_wconf 83' lang='grc' dir='ltr'>ποό-</span> 
     </span>
     <span class='ocr_line' id='line_1_35' title="bbox 290 4115 1376 4180; baseline -0.001 -15"><span class='ocrx_word' id='word_1_367' title='bbox 290 4132 368 4179; x_wconf 88' lang='grc' dir='ltr'>νομα,</span> <span class='ocrx_word' id='word_1_368' title='bbox 383 4115 526 4177; x_wconf 84' lang='grc' dir='ltr'>συνέχηται.</span> <span class='ocrx_word' id='word_1_369' title='bbox 544 4118 623 4164; x_wconf 77' lang='grc' dir='ltr'>Τοῦτο</span> <span class='ocrx_word' id='word_1_370' title='bbox 638 4116 658 4164; x_wconf 88' lang='grc' dir='ltr'><strong>δ’</strong></span> <span class='ocrx_word' id='word_1_371' title='bbox 676 4116 720 4164; x_wconf 61' lang='lat' dir='ltr'><strong>ott</strong></span> <span class='ocrx_word' id='word_1_372' title='bbox 736 4115 786 4164; x_wconf 77' lang='lat' dir='ltr'><strong>otor</strong></span> <span class='ocrx_word' id='word_1_373' title='bbox 800 4133 826 4164; x_wconf 88' lang='grc' dir='ltr'>τε</span> <span class='ocrx_word' id='word_1_374' title='bbox 839 4116 907 4165; x_wconf 82' lang='grc' dir='ltr'>δυοῖν</span> <span class='ocrx_word' id='word_1_375' title='bbox 926 4117 1007 4164; x_wconf 83' lang='grc' dir='ltr'>ὄντοιν</span> <span class='ocrx_word' id='word_1_376' title='bbox 1025 4117 1084 4164; x_wconf 82' lang='grc' dir='ltr'>εἶναι</span> <span class='ocrx_word' id='word_1_377' title='bbox 1100 4119 1153 4164; x_wconf 88' lang='grc' dir='ltr'>τοῖν</span> <span class='ocrx_word' id='word_1_378' title='bbox 1168 4116 1311 4180; x_wconf 83' lang='grc' dir='ltr'>ἐσχάτοιν...</span> <span class='ocrx_word' id='word_1_379' title='bbox 1327 4118 1376 4165; x_wconf 89' lang='grc' dir='ltr'>Καὶ</span> 
     </span>
     <span class='ocr_line' id='line_1_36' title="bbox 292 4202 1151 4269; baseline 0 -17"><span class='ocrx_word' id='word_1_380' title='bbox 292 4205 312 4252; x_wconf 79' lang='grc' dir='ltr'><strong>εἰ</strong></span> <span class='ocrx_word' id='word_1_381' title='bbox 328 4204 371 4267; x_wconf 83' lang='grc' dir='ltr'>μὲν</span> <span class='ocrx_word' id='word_1_382' title='bbox 384 4202 489 4268; x_wconf 83' lang='grc' dir='ltr'>συνεχές,</span> <span class='ocrx_word' id='word_1_383' title='bbox 503 4203 597 4266; x_wconf 79' lang='grc' dir='ltr'>ἀνάγκη</span> <span class='ocrx_word' id='word_1_384' title='bbox 613 4205 745 4266; x_wconf 79' lang='grc' dir='ltr'>ἅπτεσθαι,</span> <span class='ocrx_word' id='word_1_385' title='bbox 759 4207 779 4254; x_wconf 87' lang='grc' dir='ltr'><strong>εἰ</strong></span> <span class='ocrx_word' id='word_1_386' title='bbox 794 4204 820 4253; x_wconf 83' lang='grc' dir='ltr'><strong>δ’</strong></span> <span class='ocrx_word' id='word_1_387' title='bbox 832 4204 946 4265; x_wconf 80' lang='grc' dir='ltr'>ἅπτεται,</span> <span class='ocrx_word' id='word_1_388' title='bbox 961 4206 1030 4254; x_wconf 77' lang='grc' dir='ltr'>οὔπω</span> <span class='ocrx_word' id='word_1_389' title='bbox 1045 4205 1151 4269; x_wconf 82' lang='grc' dir='ltr'>συνεχές.</span> 
     </span>
    </p>
   </div>
   <div class='ocr_carea' id='block_1_4' title="bbox 0 0 1592 5054">
    <p class='ocr_par' dir='ltr' id='par_1_7' title="bbox 0 0 1592 5054">
     <span class='ocr_line' id='line_1_37' title="bbox 0 0 1592 5054; baseline 0 0"><span class='ocrx_word' id='word_1_390' title='bbox 0 0 1592 5054; x_wconf 95' lang='lat' dir='ltr'><strong> </strong></span> 
     </span>
    </p>
   </div>
  </div>
 </body>
</html>
