3160 5054
313 521 341 566 ts
696 515 775 574 QUID
790 514 1005 566 ARISTOTELES

226 643 228 648 ¹
308 660 373 720 vim
393 658 577 720 Aristoteles
596 659 757 732 attribuat,
774 676 886 738 parum
903 658 1063 720 Platonica
1080 658 1205 720 videtur
1226 676 1263 719 ea
1280 658 1392 720 'l'imaei

309 775 536 854 interpretatio.
557 769 722 854 Colligitur
746 774 832 836 enim
856 792 894 836 err
920 773 1055 850 llmaeo‚
1081 773 1188 836 locum
1213 791 1282 836 asse
1311 773 1392 835 illud

308 889 453 954 idearum
472 890 707 970 receptaculum
727 889 811 968 quod
828 890 959 952 allectus
978 891 1138 969 quoslibet
1156 890 1287 970 patitur,
1304 889 1393 952 inde·
1469 945 1478 962 ,

308 1006 435 1068 linitum
448 1010 553 1068 autem
567 1009 680 1066 natura
693 1009 741 1067 est
757 1024 764 1066 :
782 1006 867 1083 quod
880 1005 1084 1085 principium,
1100 1005 1251 1085 potentiae
1267 1023 1390 1086 expers,

250 1103 252 1109 ¹
308 1121 399 1184 vacui
419 1122 513 1200 spatii
532 1122 631 1184 nostri
656 1121 763 1201 potius
785 1138 881 1200 quam
900 1121 1089 1184 Aristoteliae
1110 1121 1251 1183 materiae
1272 1139 1393 1202 germa-

308 1253 384 1297 num
399 1236 583 1298 dixerimus.
600 1269 641 1282 -
660 1223 835 1316 Utcumque
851 1255 884 1298 se
903 1254 953 1299 res
969 1236 1074 1312 babet,
1089 1237 1145 1298 alii
1160 1237 1267 1298 locum
1280 1237 1393 1300 dicunt

309 1369 378 1414 esse
393 1352 539 1425 formam,
553 1351 608 1414 alii
620 1356 737 1428 autem,
753 1353 835 1414 iuter
850 1371 928 1432 quos
944 1352 1103 1414 immerito
1118 1354 1206 1416 Plato
1219 1353 1259 1414 ab
1275 1352 1393 1414 Aristo·

308 1468 371 1529 tele
387 1471 581 1540 numeratur,
599 1468 776 1530 materiam.

348 1586 458 1644 Errare
475 1587 626 1664 utrosque
646 1584 852 1646 vehementer
862 1583 1046 1647 Aristoteles
1064 1589 1214 1664 quattuor
1230 1583 1391 1664 praecipue

308 1700 504 1779 argumentis
520 1700 695 1762 confirmat.

345 1813 488 1876 Primum
506 1815 614 1894 igitur,
636 1815 773 1895 disjungi
788 1817 827 1877 ab
841 1834 878 1878 ea
896 1834 945 1891 re,
968 1835 1037 1895 quae
1054 1817 1162 1879 locum
1180 1816 1317 1889 obtinet,
1335 1831 1392 1876 ue-

308 1947 368 2010 que
384 1932 519 2017 materia
535 1948 638 2010 neque
656 1931 758 1992 torma
775 1936 907 2012 possunt
927 1949 934 1994 :
958 1936 1063 2012 potest
1081 1937 1187 1995 autem
1210 1931 1309 1994 locus.
1331 1931 1392 1994 Ubi

307 2049 374 2107 erat
394 2063 458 2121 aer,
484 2063 521 2107 eo
548 2047 750 2126 potissimum
775 2047 914 2109 succedit
937 2065 1021 2126 aqua
1043 2051 1097 2109 aut
1121 2047 1213 2127 ignis.
1238 2045 1390 2108 -Haud

306 2160 445 2222 absimili
459 2160 555 2222 modo
565 2161 672 2223 locum
686 2179 789 2240 neque
804 2166 926 2241 partem
942 2180 1011 2224 esse
1023 2181 1127 2241 neque
1142 2163 1327 2242 qualitatem
1340 2161 1393 2223 ba-

307 2275 450 2338 bitumve
466 2277 606 2356 corporis
619 2277 785 2356 intelleges
796 2275 820 2338 ⁴.
896 2322 899 2327 -

347 2392 394 2454 Ad
408 2392 543 2454 alterum
557 2397 779 2472 argumentum
793 2393 968 2456 veniamus.
984 2394 1017 2456 Si
1030 2393 1117 2456 locus
1132 2394 1264 2456 materia
1281 2393 1322 2456 sit
1336 2397 1394 2454 aut

307 2509 421 2584 forma,
445 2509 500 2586 qui
518 2512 553 2572 lit
573 2513 608 2570 ut
631 2526 745 2588 corpus
767 2510 1016 2588 unumquodque
1042 2509 1080 2570 ad
1101 2510 1267 2589 proprium
1287 2514 1319 2570 et
1335 2527 1392 2570 ua-

306 2619 440 2680 turalem
463 2619 568 2680 locum
583 2620 776 2681 contendat?
797 2642 812 2674 «
833 2620 922 2692 Quod
942 2639 1046 2700 neque
1061 2621 1235 2682 motionem
1251 2621 1334 2682 intra
1358 2638 1392 2686 se

308 2757 322 2790 ιι
339 2734 450 2810 babet,
467 2753 570 2814 neque
590 2735 783 2797 differentias
804 2753 856 2797 aas
877 2737 997 2815 patitur
1015 2754 1093 2814 quas
1118 2737 1216 2798 altum
1238 2739 1270 2798 et
1289 2737 1393 2796 imum

308 2868 323 2899 κ
340 2863 504 2922 vocamus,
522 2847 656 2908 idlocus
671 2864 817 2908 essenon
831 2845 970 2926 potest2.
990 2870 1005 2902 ιι
1021 2880 1061 2888 -
1075 2847 1115 2908 Ut
1129 2847 1221 2925 plana
1237 2846 1391 2920 dicamus,

306 2961 395 3022 locus
407 2963 586 3024 necessario
606 2963 639 3023 id
659 2967 721 3038 est,
739 2963 851 3041 inquo
869 2965 900 3023 et
918 2962 1056 3042 adquod
1077 2979 1191 3040 corpus
1215 2959 1391 3023 moveatur.
1417 3017 1420 3022 .

308 3077 426 3138 Moveri
441 3081 548 3140 autem
563 3079 645 3140 intra
664 3097 698 3140 se
713 3096 828 3158 corpus
844 3079 969 3158 nequit,
987 3095 1091 3156 neque
1106 3079 1205 3139 altum
1217 3082 1272 3139 aut
1289 3079 1392 3138 imum

306 3193 440 3254 naturali
457 3199 546 3256 motu
566 3197 673 3274 petere
696 3194 722 3254 si
745 3193 939 3256 differentias
960 3193 1063 3255 casin
1084 3211 1117 3254 se
1139 3193 1391 3272 ipsum-habeat.

307 3310 438 3388 Oportet
458 3309 554 3388 igitur
575 3313 606 3370 et
626 3309 821 3372 differentias
837 3327 889 3371 eas
910 3313 941 3371 et
955 3309 1107 3370 motionis
1126 3309 1284 3371 theatrum
1304 3311 1394 3369 extra

339 3539 371 3603 (l)
386 3539 462 3604 Phys.
481 3541 528 3601 lv,
543 3544 597 3598 211,
612 3537 637 3599 b,
654 3545 684 3591 35
702 3558 708 3588 :
770 3540 799 3590 οὗ
812 3541 841 3602 ἦν
855 3541 914 3604 ἀήρ,
927 3539 1025 3590 ἐνταῦθ’
1040 3540 1093 3590 ἐστὶ
1105 3543 1147 3588 νῦν
1161 3539 1237 3604 ὕδωρ·
1251 3537 1304 3590 ἀλλ’
1317 3541 1332 3595 ἡ
1347 3537 1393 3600 μὲν

306 3629 358 3688 ὕλη,
370 3631 454 3694 ὥσπερ
465 3630 549 3694 ἐλέχθη
562 3629 586 3678 ἐν
595 3634 647 3686 τοῖς
658 3629 795 3696 πρότερον,
807 3630 863 3679 οὔτε
874 3630 984 3696 χωριστὴ
995 3634 1039 3678 τοῦ
1052 3627 1196 3692 πράγματος
1206 3629 1262 3678 οὔτε
1275 3628 1392 3692 περιέχει,

306 3719 320 3766 d
336 3717 362 3767 δὲ
374 3718 446 3774 τόπος
460 3717 541 3782 ἄμρω.
558 3747 584 3754 -
599 3717 638 3768 dl.
655 3721 701 3768 209
717 3716 742 3780 b,
761 3722 790 3767 24
807 3736 812 3768 ι
828 3719 853 3767 ἐν
868 3713 887 3786 ᾧ
902 3719 948 3784 γὰρ
964 3719 1010 3782 ἀήρ
1025 3717 1068 3778 ἦν,
1082 3711 1202 3782 ἐντούτῳ
1218 3715 1291 3766 πάλιν
1306 3716 1391 3780 ὕδωρ,

306 3810 339 3863 ὡς
353 3807 459 3871 ἔφαμεν,
475 3807 581 3869 γίνεται,
597 3807 836 3872 ἀντιμεθιστοιρέιων
853 3807 963 3865 ἀλλήλοις
976 3811 1021 3856 τοῦ
1038 3823 1066 3856 τε
1083 3806 1170 3863 ὕδατος
1186 3807 1229 3855 καὶ
1243 3810 1287 3854 τοῦ
1306 3803 1392 3870 ἀέρος,

305 3897 347 3945 καὶ
361 3901 409 3946 τῶν
423 3898 501 3947 ἄλλων
516 3897 637 3960 σωμάτων
652 3896 754 3960 ὁμοίως,
771 3897 836 3946 ὥστε
852 3895 910 3946 οὔτε
926 3895 1008 3959 μόριον
1025 3895 1077 3946 otc’
1094 3895 1139 3952 ἕξις
1157 3895 1220 3944 ἀλλὰ
1239 3895 1360 3960 χωριστὸς
1378 3897 1393 3943 ὀ

305 3985 377 4042 τόπος
392 3985 498 4036 ἑκάστου
510 3986 587 4036 ἐστίν.

336 4073 463 4138 (2)Ρ11ρ]ο.
478 4077 521 4134 lv,
537 4079 591 4135 210,
604 4089 632 4133 a,
649 4081 663 4125 2
677 4092 682 4125 :
696 4075 731 4124 ἔτι
740 4079 791 4131 πῶς
803 4075 832 4124 οἰν
843 4075 941 4140 φέροιτο
954 4076 987 4132 εἰς
999 4076 1043 4125 τὸν
1058 4077 1135 4124 αὑτοῦ
1146 4073 1237 4136 τόπον,
1253 4074 1275 4122 εἰ
1289 4074 1302 4120 ὁ
1314 4070 1390 4128 τόπος

304 4163 360 4224 ἡνή
377 4165 421 4224 ὕλη
436 4167 451 4224 ἢ
469 4164 498 4213 τὸ
518 4165 595 4224 εἷδο;;
615 4165 737 4214 ἀδύνατον
757 4163 803 4228 γὰρ
818 4162 848 4214 οὗ
866 4165 899 4226 μή
914 4164 1006 4222 κίνησις
1021 4163 1082 4227 μηδὲ
1098 4164 1127 4212 τὸ
1143 4163 1193 4212 ἄνω
1208 4164 1223 4223 ἢ
1237 4159 1307 4211 κάτω
1318 4159 1388 4218 ἐστί,

303 4267 380 4302 corros
390 4253 461 4302 εἶναι.
