3160 5054
572 496 615 544 DE
632 494 717 544 Loco
737 495 900 546 sensuum.
1246 501 1275 549 57
1325 451 1331 462 ἱ

194 644 266 704 dam
287 640 372 702 aliud
391 638 558 718 expulsum
577 655 662 709 esse,
683 638 773 716 cujus
790 637 842 698 hio
860 642 925 698 erat
946 638 1094 718 proprius
1109 642 1274 702 naturalis-

195 775 254 838 que
268 758 366 818 locus.
382 757 499 816 Locum
511 753 606 831 igitur
627 753 719 814 illum
741 753 804 814 sive
822 753 935 814 inclusi
950 754 1090 833 corporis
1109 756 1275 834 proprium

195 890 263 934 esse
281 871 377 945 dicu,
398 870 465 930 sive
486 869 642 942 alienum,
662 872 787 947 oportet
805 873 939 946 utroque
960 870 1055 930 modo
1076 875 1162 930 extra
1181 889 1274 932 mun-

195 989 272 1049 dum
293 991 439 1046 nostrum
460 1001 559 1063 ponas
579 984 686 1045 locum
698 984 838 1062 aliquem
851 985 1026 1045 naturalem
1044 1003 1051 1044 ε
1067 985 1151 1063 quod
1165 987 1275 1048 absur-

195 1103 271 1164 dum
293 1106 354 1173 est,
379 1099 539 1161 naturales
562 1098 710 1178 quoniam
733 1099 963 1160 elementorum
977 1099 1040 1160 loci
1058 1100 1141 1160 intra
1161 1103 1275 1162 caelum

195 1221 337 1279 nostrum
353 1232 462 1276 omnes
479 1215 679 1275 continentur
692 1213 802 1274 ⁴.Haec
823 1218 854 1275 et
873 1214 934 1274 alia
953 1215 1064 1276 eodem
1085 1216 1277 1294 pertinentia

196 1335 222 1393 si
242 1333 413 1394 contuleris
431 1348 505 1392 eum
525 1330 619 1390 tertio
638 1330 720 1390 libro
743 1333 916 1408 quartoque
937 1329 1145 1408 physicorum
1160 1330 1188 1402 ²,
1219 1332 1274 1393 ubi

196 1448 430 1509 demonstratur
438 1445 559 1508 nullum
570 1462 639 1505 esse
653 1444 701 1504 vel
717 1444 841 1523 concipi
854 1461 946 1524 posse
960 1445 992 1504 in
1005 1445 1129 1505 infinito
1142 1451 1275 1514 motum,

195 1562 326 1623 babebis
346 1562 462 1622 seriem
486 1559 819 1638 continuationemque
834 1559 993 1620 rationum
1017 1561 1131 1637 quibus
1155 1561 1276 1622 Aristo-

195 1677 274 1738 teles
294 1677 435 1755 primum
456 1693 474 1735 a
494 1675 627 1736 naturali
651 1677 740 1735 m'otu
762 1675 802 1735 ad
823 1675 928 1735 locum
950 1676 1140 1747 naturalem,
1163 1675 1277 1737 deinde
1337 1673 1351 1760 Ἰ

195 1812 213 1854 a
226 1794 377 1858 naturalis
388 1793 450 1853 loci
466 1793 602 1870 imagine
617 1792 655 1852 ad
672 1791 786 1852 infiniti
805 1791 898 1870 spatii
911 1792 1109 1870 negationem
1128 1811 1161 1852 se
1176 1797 1278 1852 trans-

195 1908 313 1968 tulerit.
339 1909 479 1979 Ouarum
501 1924 658 1968 summam
680 1907 712 1965 in
734 1905 818 1966 hunc
838 1906 902 1966 fere
922 1907 1055 1968 modum
1074 1908 1271 1985 colligemus,

238 2024 315 2084 Cum
335 2022 482 2101 quaedam
504 2025 615 2100 suopte
638 2025 715 2083 nutu
737 2021 887 2082 deorsum
909 2021 1059 2095 serantur,
1082 2023 1226 2099 quaedam
1247 2022 1279 2082 in

198 2138 347 2213 sublime,
370 2137 560 2198 contendere
581 2141 687 2198 autem
712 2141 848 2213 nequeat
864 2137 1015 2198 naturalis
1037 2142 1141 2198 motus
1164 2139 1226 2198 nisi
1240 2137 1279 2198 ad

198 2255 301 2314 locum
313 2255 498 2323 naturalem,
514 2252 843 2330 sequiturnecessario
854 2256 888 2312 ut
902 2253 1059 2338 elemento
1075 2271 1278 2331 unoquoque,

197 2373 291 2440 terra,
304 2387 395 2446 aqua,
410 2385 492 2443 aere,
510 2368 618 2446 igniet
630 2366 757 2438 aethere‚
773 2372 876 2427 certus
892 2368 1104 2446 propriusque
1119 2369 1149 2428 in
1162 2368 1279 2428 mundo

198 2485 285 2545 locus
300 2484 489 2545 obtineatur.
507 2484 583 2544 Cum
597 2500 670 2543 vero
686 2499 817 2561 corpora
829 2483 862 2542 in
875 2483 978 2544 alieno
992 2484 1150 2544 elemento
1164 2483 1277 2562 posita,

202 2600 288 2661 velut
309 2603 401 2660 terrae
426 2599 589 2678 particulae
616 2599 648 2658 in
669 2615 757 2670 aare,
784 2603 906 2658 certum
923 2598 1156 2676 definitumque
1174 2599 1206 2657 in
1221 2599 1281 2659 hoc

203 2716 359 2776 elemento
376 2732 501 2776 cursum
515 2719 643 2774 teneant
656 2713 791 2774 velutad
808 2713 968 2791 propriam
986 2714 1148 2792 regionem
1162 2730 1281 2791 regres-

203 2849 289 2904 suro,
313 2834 449 2908 nequeat
468 2833 575 2890 autem
592 2829 624 2889 in
641 2828 763 2888 infinito
783 2829 941 2888 elemento
962 2827 1095 2906 reperiri
1113 2833 1166 2888 aut
1189 2829 1280 2888 diffe-

200 2945 300 3006 rentia
315 2945 380 3004 ulla
395 2962 456 3022 qua
469 2944 659 3004 definiantur
672 2946 778 3002 motus
801 2941 933 3013 diversi,
950 2946 1003 3002 aut
1021 2943 1099 3002 ratio
1114 2960 1281 3020 quaequam

200 3077 255 3120 cur
270 3060 475 3120 exterminata
486 3075 618 3136 corpora
633 3057 694 3118 huc
710 3057 814 3134 potius
832 3074 928 3134 quam
943 3057 1018 3117 illuc
1033 3057 1065 3116 in
1078 3075 1115 3117 eo
1128 3058 1280 3132 serantur,

200 3177 235 3234 111
248 3174 426 3246 necessario
440 3177 475 3234 ut
490 3175 646 3234 elementa
667 3173 755 3233 linita
776 3172 854 3246 sint,
871 3171 968 3232 finitis
987 3176 1095 3232 autem
1116 3173 1281 3232 elementis

200 3290 289 3350 finita
306 3291 339 3349 in
360 3290 449 3350 linito
462 3289 581 3350 mundo
599 3289 666 3349 loca
683 3289 871 3348 incolantur.
889 3288 945 3348 His
960 3288 1088 3367 positis,
1106 3288 1281 3364 quodcum-

202 3423 264 3483 que
276 3409 362 3466 extra
374 3404 528 3466 mundum
539 3421 653 3482 corpus
668 3403 807 3477 tinxerim
820 3403 880 3464 boc
894 3403 1008 3463 iisdem
1023 3403 1190 3464 elementis
1211 3421 1283 3486 con-

203 3524 284 3580 stare
307 3537 438 3580 necesse
460 3519 535 3592 erit,
553 3519 701 3597 quoniam
725 3519 890 3579 elementis
914 3519 1032 3579 nostris
1055 3519 1219 3579 evolutum
1236 3527 1284 3580 est

205 3635 361 3713 quidquid
374 3637 407 3695 in
422 3635 553 3696 materia
567 3635 788 3715 implicabatur
801 3635 963 3712 potentiae.
986 3635 1064 3694 Cum
1078 3651 1153 3694 vero
1173 3634 1283 3694 eadem

204 3751 360 3811 elementa
385 3751 518 3812 eandem
541 3751 716 3811 motionem
745 3749 880 3809 habeant
907 3750 1099 3823 naturalem,
1127 3750 1284 3810 naturales

202 3870 306 3928 autem
329 3867 559 3927 elementorum
576 3866 638 3926 loci
653 3864 735 3924 intra
755 3865 866 3926 caelum
888 3867 1030 3925 nostrum
1052 3865 1282 3937 contineantur,

206 3982 349 4058 protinus
371 3983 403 4040 in
425 3981 581 4046 mundum
604 3985 747 4041 nostrum
768 3980 932 4041 delabetur
953 3997 1068 4058 corpus
1093 3979 1177 4058 quod
1200 3985 1285 4041 extra

235 4140 268 4202 (1)
284 4142 319 4190 ne
335 4143 415 4200 ceu,
432 4143 456 4204 1,
471 4145 495 4190 o.
511 4139 549 4189 cf.
563 4139 644 4203 repr.
659 4105 711 4198 111,Ι
723 4143 744 4188 5.

238 4229 272 4293 (2)
290 4230 371 4294 Phys.
389 4231 436 4290 111,
453 4235 480 4290 53
496 4229 544 4287 w,
558 4233 581 4278 8.
