3160 5054
290 505 320 550 58
669 501 759 556 ,Qum
776 498 992 548 ARISTOTELES

290 660 442 721 posueras
460 660 467 702 :
484 642 645 702 immerito
664 641 760 720 igitur
775 646 841 703 erat
854 643 898 702 ibi
914 641 1114 703 collocatum.
1134 641 1284 719 Sequitur
1299 659 1372 721 ergo

289 775 326 819 ex
356 759 506 818 naturalis
535 761 640 818 motus
666 757 933 830 consideratione,
964 756 1119 818 mundum
1155 775 1224 818 esse
1259 757 1373 818 animal

288 874 463 951 quoddam;
490 874 645 934 elementa
663 877 768 934 autem
793 872 966 952 simplicia,
987 873 1072 932 velut
1093 875 1200 951 partes
1217 873 1371 946 animalis,

287 989 415 1066 proprio
440 1006 496 1049 suo
520 1005 651 1048 munere
676 988 763 1065 iungi
791 988 824 1047 in
848 987 976 1066 proprio
1001 987 1139 1065 quodam
1163 988 1247 1061 loco,
1277 1004 1373 1065 quem

288 1105 440 1164 amissum
465 1103 658 1174 desiderent,
683 1106 902 1181 recuperatum
926 1103 1093 1162 retineant.
1125 1103 1274 1180 Sequitur
1293 1120 1372 1180 quo-

287 1237 348 1297 que
373 1223 407 1279 ut
422 1236 536 1298 corpus
562 1218 701 1279 alienum
725 1217 856 1295 trajecto
877 1217 1033 1278 elemento
1055 1218 1144 1278 velut
1167 1219 1237 1278 loco
1253 1221 1371 1296 primo,

288 1334 481 1396 elementum
502 1334 607 1412 ipsum
625 1333 857 1410 complectente
874 1333 1030 1393 elemento
1045 1333 1133 1393 velut
1147 1333 1216 1393 loco
1234 1336 1372 1411 proprio,

286 1450 432 1511 universa
450 1449 586 1526 denique
603 1449 681 1509 caelo
700 1448 786 1508 velut
800 1449 870 1509 loco
885 1451 1050 1520 remotum,
1066 1433 1205 1508 utantur.
1228 1450 1302 1508 Pars
1317 1448 1374 1526 igi-

286 1568 338 1626 tur
361 1565 429 1626 caeli
452 1581 665 1642 unaquaeque,
696 1566 850 1640 quatenus
876 1563 946 1623 aliis
974 1562 1186 1642 circumdatur
1211 1563 1370 1642 partibus,

286 1681 390 1740 locum
416 1680 569 1740 obtinet:
598 1679 711 1739 caelum
736 1696 810 1738 vero
843 1679 1044 1752 universum,
1072 1683 1159 1738 extra
1184 1678 1268 1756 quod
1293 1677 1373 1738 nihil

221 1771 224 1778 Ι
286 1813 416 1856 vacuum
430 1811 655 1874 corporeumve
672 1794 764 1854 estin
777 1811 840 1871 quo
853 1794 952 1872 possit
971 1793 1137 1866 contineri,
1160 1795 1230 1854 loco
1250 1797 1336 1854 caret
1348 1791 1371 1852 ⁴.

318 1998 352 2061 (1)
366 1997 464 2047 Nititur
478 1996 575 2046 Wolter
591 1997 637 2060 (De
652 1997 746 2059 Sputio
762 2000 787 2046 et
810 1999 947 2058 Tempore,
962 1997 1070 2053 Bonnae,
1089 1999 1163 2052 1848:
1179 2009 1204 2058 p.
1220 1996 1305 2059 23·25)
1321 2011 1373 2046 non

288 2086 371 2136 solum
385 2086 416 2136 de
430 2085 486 2134 loco
503 2085 665 2136 Aristotelem
680 2085 844 2144 disseruisse,
863 2085 908 2134 sed
927 2085 1037 2148 spatium
1051 2098 1154 2148 quoque
1170 2101 1181 2132 a
1197 2084 1344 2134 absolutum
1359 2106 1372 2129 ν

288 2176 453 2239 spectavisse,
469 2175 538 2239 quod
558 2192 571 2218 a
590 2189 635 2238 per
655 2174 741 2224 omnia
756 2173 846 2222 mundi
867 2188 986 2237 corpora,
1001 2173 1032 2224 ab
1051 2173 1143 2223 ultima
1164 2172 1221 2222 caeli
1243 2172 1374 2236 superficie

290 2281 302 2311 u
317 2276 398 2326 usque
417 2263 449 2312 ad
468 2267 562 2312 terram
585 2262 707 2322 mediam,
729 2265 873 2325 penetraret
893 2277 914 2311 ν.
929 2265 992 2318 Quae
1011 2262 1190 2326 interpretatio
1212 2264 1266 2311 tota
1285 2265 1373 2311 nostra

288 2351 442 2402 Aristotelia
458 2351 584 2401 doctrinae
602 2350 770 2415 explicatione
784 2349 943 2401 confutatur.
961 2351 1076 2413 Spatium
1092 2351 1162 2400 enlm
1177 2350 1336 2408 istiusmodi,
1352 2351 1374 2400 si

288 2444 366 2499 esset,
390 2439 485 2490 autad
506 2441 583 2490 inane
603 2439 770 2503 redigeretur,
793 2446 837 2489 aut
858 2439 891 2489 ad
909 2439 1075 2490 intervallum
1095 2439 1226 2502 qaroddam
1245 2439 1374 2488 mentibus

289 2530 382 2579 nostris
394 2529 565 2592 excogitatum
580 2547 585 2576 ε
600 2543 712 2592 quorum
725 2532 864 2592 utrumque
876 2529 908 2578 ab
920 2527 1066 2578 Aristotelia
1078 2527 1214 2592 disciplina
1226 2527 1375 2590 longissime

289 2617 417 2669 abhorret.
432 2618 621 2668 consideranda
635 2621 721 2667 tamen
736 2621 886 2680 argumenta
900 2621 974 2676 sunt,
990 2631 1049 2680 quae
1062 2617 1113 2666 huc
1127 2617 1278 2666 atteruntur.

321 2708 415 2758 Scribit
428 2707 532 2772 quidem
547 2707 696 2757 Aristoteles
709 2707 794 2756 locum
810 2724 822 2754 ο
837 2709 992 2768 διαστήματα
1007 2708 1072 2772 ἔχειν
1091 2705 1145 2770 τρία
1160 2723 1171 2752 u
1188 2707 1244 2769 (209
1263 2721 1278 2756 a
1294 2707 1331 2768 4),
1349 2707 1375 2755 in

290 2810 319 2846 ea
337 2801 422 2846 tamen
437 2796 560 2846 orationis
579 2809 632 2846 sure
649 2800 721 2859 parte
736 2795 779 2844 ubi
798 2795 987 2844 contrariarum
1004 2795 1036 2844 de
1053 2795 1109 2844 loco
1123 2795 1275 2859 opinionum
1291 2797 1375 2845 certa-

290 2899 349 2935 men
366 2885 494 2940 instituit,
511 2884 729 2948 difficultatesque
744 2883 794 2942 rei,
811 2884 877 2933 sicut
889 2883 1001 2933 vidimus
1015 2883 1047 2947 (p.
1064 2885 1101 2946 8),
1117 2883 1230 2934 ostendit
1244 2887 1268 2934 et
1283 2883 1375 2947 ampli-

291 2974 357 3023 ticat.
374 2975 451 3023 Suam
465 2973 544 3036 ipsius
558 2973 710 3023 sententiam
725 2976 787 3022 tune
802 2973 903 3022 demum
918 2971 998 3031 dicet,
1013 2987 1071 3021 cum
1084 2976 1181 3022 ceteras
1193 2973 1341 3022 excusserit.

322 3064 371 3112 Noe
386 3061 483 3110 firmius
497 3061 563 3110 illud
581 3065 756 3124 argumentum
775 3066 815 3111 est
829 3061 900 3124 quod
914 3061 1012 3110 Woltcr
1027 3075 1041 3110 e
1064 3065 1158 3125 quarto
1175 3061 1241 3110 libro
1255 3063 1292 3112 De
1307 3062 1375 3111 Caelo

290 3150 381 3200 ducit:
399 3151 499 3217 καὶγὰρ
514 3154 536 3200 ol
555 3154 626 3202 τόποι
641 3151 697 3213 δύο,
711 3153 740 3200 τὸ
759 3153 832 3212 μέσον
849 3153 890 3200 καὶ
907 3153 934 3200 τὸ
952 3151 1064 3214 ἔσχατον.
1078 3149 1152 3200 ’Έστι
1166 3153 1192 3200 δὲ
1208 3151 1238 3204 δή
1252 3169 1276 3200 τι
1290 3153 1330 3200 καὶ
1346 3153 1375 3200 τὸ

292 3241 377 3302 μεταξὺ
391 3241 501 3302 τούτων,
517 3241 530 3289 ὃ
547 3243 604 3302 πρὸς
621 3241 736 3302 ἑκάτερον
757 3241 837 3288 αὐτῶν
851 3238 947 3302 λέγεται
965 3240 1072 3304 θάτερον·
1092 3239 1202 3302 ἔστιγὰρ
1219 3245 1251 3295 ὡς
1271 3242 1375 3304 ἔσχατον

290 3331 332 3378 καὶ
349 3331 422 3391 μέσον
438 3330 579 3394 ἀμφοτέρων
594 3331 621 3378 τὸ
639 3330 736 3394 μεταξύ.
752 3329 798 3377 Διὰ
815 3333 887 3378 τοῦτο
907 3329 961 3377 ἔστι
977 3346 998 3377 τι
1011 3329 1052 3376 ναὶ
1067 3330 1125 3377 ἄλλο
1141 3329 1202 3393 βαρὺ
1214 3331 1255 3377 καὶ
1272 3336 1374 3390 κοῦφον,

292 3419 342 3468 οἷον
352 3419 416 3481 ὕδωρ
429 3421 470 3467 καὶ
485 3418 538 3480 ἀήρ.
553 3417 602 3482 (De
615 3420 695 3475 Coelo,
712 3420 755 3474 lV,
773 3418 806 3480 4.)
820 3416 911 3466 Verbis
925 3417 993 3465 enim
1005 3419 1034 3466 τὸ
1047 3417 1134 3480 μεταξὺ
1146 3413 1239 3466 τούτων
1252 3433 1303 3466 non
1317 3432 1375 3482 spu-

291 3493 357 3554 tium
372 3505 454 3556 ullum
470 3505 650 3556 intermedium
666 3505 802 3567 significari
818 3505 944 3564 vidimus,
961 3505 1005 3554 sed
1020 3520 1142 3568 corporea
1153 3505 1279 3556 elementa
1298 3509 1375 3556 natu-

292 3595 339 3643 rali
358 3595 449 3644 ordine
468 3595 603 3659 disposita,
618 3609 676 3659 quae
695 3595 762 3644 levia
782 3594 904 3643 dicuntur
924 3597 968 3643 aut
986 3593 1085 3657 gravia,
1106 3598 1136 3644 ut
1154 3608 1244 3645 eorum
1261 3595 1377 3659 quidque

294 3683 396 3746 propi-us
410 3687 523 3733 extrema
537 3687 581 3733 aut
593 3666 706 3734 medium
716 3683 807 3732 mundi
818 3683 894 3746 jacet.

325 3775 382 3820 Jam
400 3786 462 3821 vero
480 3787 511 3821 ex
526 3772 564 3822 his
583 3771 667 3822 verbis
681 3775 709 3822 τὸ
729 3773 800 3822 κενὸν
815 3772 908 3833 ἀνάγκη
927 3773 1000 3820 τόπον
1020 3771 1079 3820 εἶναι
1094 3773 1114 3820 εἰ
1132 3759 1200 3820 Ιἔστιν
1216 3773 1377 3838 ἐστερημένον

294 3863 408 3925 σώματος
427 3861 519 3924 (ΡΙιμσ.
536 3863 579 3920 lV,
598 3866 657 3920 214,
673 3875 700 3919 a,
719 3861 755 3924 tu)
773 3861 870 3922 colligit
885 3859 982 3908 Wolter
999 3860 1137 3923 «spatium
1154 3874 1208 3910 esse
1222 3860 1320 3924 aliquid
1335 3876 1379 3924 per

296 3931 425 3999 «onmem
439 3949 530 3998 mundi
544 3949 737 4012 amplitudinem
758 3953 892 3998 extensum
912 3951 939 3998 et
959 3948 1111 4012 corporibus
1133 3948 1257 4012 repletum
1278 3966 1300 3998 n.
1321 3951 1378 4006 Quo

296 4038 360 4087 nihil
379 4038 442 4086 mihi
458 4037 560 4086 videtur
578 4051 632 4088 esse
647 4038 678 4086 ab
698 4037 841 4087 Aristotelis
861 4037 1014 4100 cogitatione
1031 4035 1191 4100 disjunctius.
1206 4038 1290 4087 Verba
1309 4039 1378 4088 enim

295 4126 452 4190 ἐστερημένον
465 4129 576 4188 σώματος
591 4141 642 4176 non
655 4126 687 4176 ad
702 4129 728 4176 τὸ
741 4127 809 4176 κενόν
829 4127 928 4190 (utpote
944 4139 1003 4189 quae
1017 4125 1119 4176 inutilia
1133 4129 1195 4176 tunc
1205 4126 1319 4191 nerent),
1333 4128 1378 4178 sed

296 4213 327 4264 ad
341 4215 414 4266 τόπον
430 4215 563 4266 referenda
582 4219 651 4265 sunt.
668 4218 696 4264 lu
712 4217 780 4265 hunc
794 4215 871 4278 igitur
886 4215 992 4264 modum
1008 4215 1160 4265 sententiam
1179 4215 1324 4266 Aristotelis
1338 4217 1377 4266 la-
