3160 5054
561 563 604 610 DE
620 561 706 611 Loco
722 563 883 614 SENSERIT.
1236 568 1263 614 71

182 705 326 782 perficies
349 705 533 777 immobilia,
551 707 582 764 et
596 709 760 766 moveatur
782 723 832 766 res
854 706 989 779 inclusa,
1013 723 1072 766 nec
1087 709 1193 766 tamen
1209 723 1266 784 per

182 820 356 881 discessum
376 820 421 880 rei
435 819 579 892 inclusae,
595 820 651 880 sed
666 821 773 898 potius
788 839 846 900 per
857 821 1061 899 praesentiam
1077 822 1164 882 anuli
1185 822 1266 881 intra

182 935 311 996 eosdem
334 937 412 996 fines
437 935 630 1008 circumacti,
652 936 739 996 locus
759 937 882 1015 primus
902 936 1038 998 honores
1060 937 1123 998 loci
1145 937 1264 1016 adipis-

181 1054 269 1111 catur
285 1051 305 1110 ¹.

211 1297 244 1361 (1)
257 1300 351 1348 Motum
366 1311 467 1348 omnem
484 1312 539 1348 esse
553 1297 706 1348 circularem
724 1313 774 1348 nou
793 1299 876 1348 solum
892 1299 1043 1348 Aristoteles
1055 1313 1105 1348 non
1118 1298 1262 1363 contendit,

179 1385 224 1434 sed
248 1386 354 1449 praecise
374 1390 448 1451 negat
474 1407 480 1436 ε
504 1388 547 1438 οὐκ
576 1388 614 1436 ἀεὶ
636 1387 695 1442 δἐἰς
715 1389 743 1437 τὸ
765 1389 847 1452 κύκλῳ
868 1392 884 1452 ἡ
906 1388 985 1454 φορά,
1008 1389 1127 1437 ἀλλὰκαὶ
1148 1391 1181 1444 εἰς
1201 1389 1262 1438 εὐθύ.

179 1474 272 1538 (Phys.
288 1478 335 1536 tv,
353 1481 410 1536 217,
427 1491 454 1539 a,
473 1477 520 1540 19.)
538 1476 585 1526 Hic
599 1490 662 1526 vero
674 1476 706 1526 de
726 1478 837 1528 motione
851 1477 993 1527 secundum
1005 1477 1153 1542 qualitatem
1166 1477 1261 1540 agitur,

178 1575 250 1626 quae,
270 1565 388 1628 quamvis
405 1565 556 1615 circularem
575 1568 673 1614 motum
692 1565 804 1628 quodam
819 1565 895 1614 modo
910 1566 1028 1625 imitetur,
1055 1566 1196 1616 secundum
1211 1581 1263 1616 rec-

178 1652 337 1702 tamtineam
355 1654 485 1718 atquae
504 1654 588 1704 medio
606 1653 639 1703 ad
658 1655 846 1704 extremitatem
866 1655 921 1703 cali
943 1655 1066 1704 excurrit.
1091 1657 1154 1712 Quae
1175 1660 1263 1705 autem

178 1739 258 1788 metio
273 1737 413 1792 secundum
428 1743 513 1792 locum
525 1743 562 1802 tit,
578 1757 616 1806 ea,
631 1741 671 1792 vel
686 1743 708 1790 si
722 1742 820 1791 directa
838 1744 882 1802 sit,
896 1742 1047 1794 circularem
1065 1747 1149 1794 tamen
1164 1747 1263 1794 motum

179 1827 278 1891 gignere
292 1833 330 1894 et,
345 1834 374 1880 ut
388 1831 423 1880 ita
436 1831 531 1891 dicam,
547 1835 604 1896 pust
618 1846 644 1881 se
658 1832 761 1881 trahere
774 1835 859 1894 queat.
