3160 5054
573 461 616 537 u'u
633 487 718 538 nooo
735 488 897 538 suasurus.
1247 493 1277 539 ιτ

195 631 424 692 mentationem
439 631 682 710 illustrabimus,
705 648 799 708 quam
816 631 970 709 primum,
987 633 1036 692 vel
1052 649 1124 692 oum
1138 609 1279 710 periculo

194 749 327 808 barbare
342 747 661 824 loquendi,‘totidem
685 747 791 807 verbis
815 747 847 806 in
870 747 1004 806 latinum
1028 747 1290 820 convertemust„

197 886 211 918 ιι
229 863 305 934 Quia
324 865 466 946 mutatur
481 879 581 940 saepe,
598 865 744 921 manente
763 862 903 939 eoquod
922 863 1078 938 eontinet,
1095 863 1175 930 illud
1194 865 1278 942 quod

198 1001 212 1034 ιι
228 979 406 1038 continetur
427 981 458 1038 et
473 980 652 1056 separatum
668 979 731 1048 est,
746 977 885 1037 —velut
900 995 1031 1054 aquaex
1048 997 1120 1040 vase
1137 997 1276 1057 egressa,

197 1117 211 1148 «
232 1129 267 1138 -
286 1094 404 1154 ideirco
426 1092 625 1154 intervallum
643 1093 727 1170 quod
743 1097 790 1152 est
809 1093 891 1152 inter
910 1097 1050 1154 extrema
1062 1095 1191 1155 videtur
1210 1113 1278 1156 esse

197 1232 211 1266 ιι
228 1209 363 1287 aliquid,
380 1209 469 1286 quasi
485 1208 660 1286 quidquam
676 1208 716 1268 sit
728 1211 966 1286 praeteroorpus
979 1209 1065 1286 quod
1078 1210 1276 1271 transfertur.

197 1344 211 1377 ι
228 1323 317 1394 Quod
330 1339 394 1382 non
411 1323 454 1382 ita
471 1326 533 1394 est;
551 1323 606 1382 sed
621 1323 756 1400 quodvis
774 1340 883 1384 eorum
897 1341 1065 1401 corporum
1081 1325 1192 1386 inoidit
1207 1343 1277 1403 quae

196 1461 211 1492 ι
227 1437 460 1498 transferuntur
474 1441 505 1497 et
518 1437 701 1498 facultatem
715 1437 833 1498 hahent
848 1439 1008 1517 tangendi.
1028 1439 1061 1499 Si
1079 1439 1278 1500 intervallum

196 1577 210 1608 ι
225 1570 283 1631 per
296 1570 329 1612 se
344 1553 509 1614 exsisteret
524 1553 604 1612 etin
619 1554 790 1631 semetipso
804 1571 931 1614 manere
947 1557 1069 1632 posset,
1087 1555 1201 1614 infiniti
1216 1555 1278 1616 loci

196 1691 210 1725 ι(
228 1671 343 1728 essent.
368 1668 538 1730 Translatis
560 1668 645 1728 enim
666 1686 746 1746 aqua
765 1661 801 1728 ¹et
821 1686 909 1741 aere,
928 1669 1013 1730 idem
1032 1669 1148 1730 iaciant
1168 1689 1278 1732 omnes

195 1804 210 1836 «
226 1787 331 1862 partes
344 1783 377 1842 in
391 1787 459 1844 toto
474 1783 558 1861 quod
577 1801 659 1861 aqua
675 1784 822 1844 universa
835 1785 868 1844 in
884 1803 957 1844 vase
973 1785 1116 1846 satiebat.
1133 1787 1246 1848 Transi
1264 1822 1278 1832 -

195 1921 210 1952 ι(
225 1902 310 1959 retur
320 1899 416 1976 igitur
427 1898 523 1958 simul
536 1899 634 1972 locus,
647 1902 678 1959 et
691 1899 751 1959 erit
761 1900 822 1960 looi
832 1899 932 1972 locus,
945 1901 1102 1978 multique
1114 1903 1175 1962 loci
1189 1907 1280 1964 erunt

195 2037 210 2068 «
228 2013 332 2075 simul.
354 2017 394 2074 At
412 2031 502 2086 vero,
523 2031 596 2074 oum
617 2015 806 2076 transfertur
828 2033 880 2075 vas
900 2019 1020 2087 totum,
1041 2035 1105 2077 non
1130 2021 1178 2077 est
1199 2019 1278 2080 alius

195 2151 209 2184 «
226 2129 314 2189 locus
334 2129 445 2207 partis
464 2129 496 2189 in
517 2147 581 2206 quo
601 2133 756 2205 movetur,
777 2130 832 2190 sed
852 2131 954 2206 idem;
973 2149 1046 2191 nam
1062 2133 1095 2191 in
1109 2151 1170 2211 quo
1189 2139 1276 2219 sunt,

195 2266 209 2298 «
224 2245 256 2304 iu
272 2262 309 2305 eo
332 2245 467 2305 invicem
490 2251 671 2306 commeant
692 2249 791 2306 aeret
813 2263 893 2324 aqua
916 2251 948 2306 et
968 2251 1074 2324 partes
1098 2265 1204 2325 aquae,
1222 2249 1278 2310 sed

195 2382 209 2413 ι
225 2377 289 2421 non
303 2360 336 2419 in
351 2377 389 2420 eo
404 2361 475 2420 looo
488 2361 541 2420 ubi
552 2363 626 2420 sunt
640 2359 673 2440 (i.
687 2378 715 2420 e.
728 2361 783 2421 ubi
796 2365 900 2422 totum
913 2362 993 2422 illud
1004 2367 1052 2421 est
1067 2363 1156 2440 ouJ'us
1171 2367 1276 2441 partes

195 2497 209 2528 «
227 2473 321 2554 sunt),
339 2475 393 2552 qui
405 2493 478 2553 pars
496 2479 542 2535 est
563 2476 649 2536 illius
664 2476 727 2536 loci
743 2476 798 2553 qui
815 2477 905 2536 loeus
928 2481 975 2536 est
997 2477 1094 2537 totius
1114 2478 1239 2538 mundi.
1260 2503 1275 2534 ι)

193 2589 388 2651 Sententiam
409 2591 586 2652 Aristotelis
605 2592 640 2651 in
660 2591 745 2651 huno
766 2591 898 2652 modum
918 2592 1222 2669 interpretabimur:
1244 2594 1276 2654 Si

192 2732 305 2792 aquam
319 2718 349 2774 et
361 2732 467 2776 aerem
483 2716 516 2774 in
530 2732 604 2776 vase
619 2717 740 2776 inclusa
752 2719 783 2775 et
796 2715 934 2776 invicem
948 2717 1157 2777 commeantia
1172 2719 1276 2778 oonsi-

193 2821 366 2902 de'raveriS‚
390 2831 495 2892 locum
516 2831 684 2908 utriusque
704 2848 772 2891 esse
792 2831 876 2890 dices
896 2849 950 2890 vas
966 2832 1086 2910 ipsum,
1100 2833 1151 2892 vel
1170 2833 1277 2911 potius

177 2944 360 3006 immotum
373 2945 463 3018 illud,
476 2945 698 3024 quodcumque
713 2951 771 3018 est,
785 2963 846 3023 quo
859 2963 913 3006 vas
924 2947 1043 3007 mobile
1055 2947 1275 3010 circumdatur.

192 3060 279 3124 Idem
292 3079 346 3120 vas
360 3061 386 3120 si
399 3061 607 3134 transtuleris,
625 3079 689 3121 non
703 3062 870 3122 mutabunt
890 3062 996 3122 looum
1013 3066 1117 3140 partos
1131 3065 1212 3124 aeris
1224 3068 1277 3125 aut

224 3237 257 3300 (1)
267 3237 349 3301 Phys.
360 3239 403 3297 lv,
414 3242 468 3296 211,
485 3237 514 3296 b,
531 3242 556 3287 14
573 3256 578 3287 t
591 3239 669 3288 διὰδὲ
683 3240 712 3288 τὸ
728 3239 884 3302 μεταόάλλειν
895 3239 1009 3295 πολλάκις
1025 3239 1134 3302 μένοντος
1148 3246 1190 3289 τοῦ
1200 3240 1277 3303 περιέ·
1323 3275 1325 3280 -

192 3343 278 3391 χοντος
292 3329 321 3376 τὸ
335 3327 505 3391 περιεχόμενον
518 3329 560 3376 καὶ
573 3325 728 3390 διῃρημένον,
743 3328 792 3375 οἷον
803 3328 826 3383 ἐξ
838 3327 936 3391 ἀγγείου
948 3329 1024 3394 ὕδωρ,
1039 3331 1066 3376 τὸ
1081 3330 1167 3390 μεταξὺ
1178 3328 1239 3378 εἶναί
1254 3347 1277 3378 τι

192 3416 259 3464 δοκεῖ
273 3414 410 3479 διάστημα,
426 3419 458 3472 ὡς
470 3415 495 3466 ὄν
509 3433 531 3465 τι
546 3417 613 3482 παρὰ
626 3417 653 3464 τό
669 3422 741 3479 σῶμα
752 3417 781 3465 τὸ
795 3417 975 3480 μεθιστάμενον.
992 3418 1024 3466 Τὸ
1039 3417 1061 3466 θ’
1076 3418 1120 3466 οὐκ
1132 3418 1205 3480 ἔστιν,
1218 3419 1278 3467 ἀλλὰ

191 3506 219 3554 τό
234 3506 308 3568 τυχὸν
324 3505 437 3568 ἐμπίπτει
449 3509 523 3568 σῶμα
530 3508 578 3554 τῶν
591 3507 768 3568 μεθισταμένων
780 3507 821 3554 καὶ
836 3505 956 3555 ἅπτεσθαι
968 3507 1119 3569 πεφυκότων.
1134 3509 1163 3555 Εἰ
1176 3507 1198 3555 δ’
1210 3507 1240 3568 ἦν
1254 3524 1277 3556 τι

192 3592 316 3656 διάστημα
330 3593 383 3642 καθ’
397 3595 458 3643 αὑτὸ
472 3595 578 3658 πεφυκὸς
593 3595 707 3643 εἶναικαὶ
724 3593 801 3658 μένειν
819 3597 843 3644 ἐν
858 3598 950 3656 ἑαυτῷ,
967 3596 1061 3659 ἄπειροι
1074 3597 1104 3644 ἂν
1119 3595 1181 3656 ἦσαν
1195 3597 1276 3645 τόποι·

192 3684 371 3746 μεθισταμένου
385 3685 431 3747 γ’όιρ
448 3688 490 3732 τοῦ
508 3684 594 3740 ὕδατος
608 3683 649 3732 καὶ
664 3689 707 3732 τοῦ
727 3683 794 3748 ἀέρος
813 3685 885 3733 ταύτὸ
900 3686 996 3743 ποιήσει
1015 3685 1045 3734 τὰ
1063 3685 1134 3747 μόρια
1153 3682 1234 3734 πάντα
1253 3687 1277 3735 ἐν

189 3777 224 3833 τῷ
239 3773 287 3834 ὅλῳ
300 3771 359 3838 ὅπερ
370 3772 434 3820 ἅπαν
448 3772 476 3820 τὸ
489 3773 553 3837 ὕδωρ
565 3773 590 3820 ἐν
601 3778 636 3833 τῷ
647 3773 746 3835 ἀγγείῳ·
761 3773 812 3835 ἅμα
827 3774 851 3822 δέ
866 3774 906 3820 καί
919 3775 932 3821 ό
944 3773 1016 3830 τόπος
1029 3773 1097 3823 ἔσται
1110 3771 1274 3834 naamatites.

193 3859 266 3909 Ὦστ’
281 3861 349 3909 ἔσται
364 3865 406 3910 τοῦ
419 3861 496 3910 τόπου
508 3863 529 3908 τ’
545 3862 614 3916 ἄλλος
627 3860 710 3924 τόπος,
726 3861 767 3910 καὶ
782 3863 864 3910 πολλοὶ
879 3861 950 3910 τόποι
966 3863 1017 3926 ἅμα
1033 3863 1140 3911 ἔσονται,
1156 3863 1209 3910 ota
1223 3861 1275 3910 ἔστι

192 3950 218 4000 δὲ
231 3951 301 4006 ἄλλος
318 3949 391 4007 τόπος
407 3952 420 3998 ό
435 3954 478 3999 τοῦ
494 3951 593 4013 μορίου,
607 3951 632 3998 ἐν
649 3945 668 4018 ᾧ
686 3955 803 4012 κινεῖται,
819 3951 878 4000 ὅταν
892 3952 948 4000 ὅλον
962 3953 989 4000 τὸ
1005 3953 1103 4014 ἀγγεῖον
1120 3952 1274 4013 μεθίστηται,

192 4042 243 4090 ἀλλ’
260 4044 272 4090 ό
288 4041 368 4096 αὐτός·
384 4042 409 4090 ἐν
424 4036 442 4109 ᾧ
458 4041 504 4105 γάρ
519 4042 594 4103 ἐστιν,
606 4041 803 4102 ἀντιμεθίστατοιι
819 4045 831 4091 ὁ
845 4042 890 4108 οἰήρ
904 4043 981 4092 καὶτὸ
995 4043 1060 4107 ὕδωρ
1073 4045 1088 4103 ἢ
1103 4038 1133 4091 τὰ
1148 4042 1218 4106 μόρια
1232 4045 1275 4090 τοῦ

193 4130 288 4189 ὕδατος,
304 4129 354 4179 ἀλλ’
369 4129 412 4179 οὐκ
431 4131 457 4178 ἐν
478 4124 496 4198 ᾧ
516 4129 623 4193 γίνονται
637 4131 718 4194 τόπῳ,
734 4131 759 4187 θς
779 4129 849 4194 μέρος
869 4133 920 4180 ἐστί
939 4135 983 4180 τοῦ
999 4133 1076 4180 τόπου
1096 4133 1121 4188 ός
1135 4131 1187 4180 ἐστι
1202 4131 1276 4187 τόπος

192 4219 249 4268 ὅλου
264 4223 308 4268 τοῦ
324 4219 434 4285 οὐρανοῦ.
