3160 5054
589 512 632 560 DE
649 511 735 562 Loco
752 513 911 563 sensuris.
1259 519 1288 565 73

208 655 425 715 extensionem
448 659 681 732 compararent,
702 656 789 717 locus
810 675 817 715 z
837 674 874 716 ex
894 673 956 734 quo
977 657 1145 735 colligitur,
1166 675 1229 718 non
1251 658 1290 719 de

208 770 278 830 loco
294 770 378 848 apud
393 774 533 842 nostros,
551 770 607 830 sed
620 770 659 830 de
676 771 778 849 spatio
797 771 859 850 agi.

246 885 396 964 Sequitur
414 903 541 964 quoque
561 903 598 946 ex
611 890 719 946 nostra
735 886 844 946 formae
864 887 1068 965 materiaeque
1085 887 1289 949 distinctione

207 1004 241 1062 ut
264 1001 403 1080 spatium
432 1004 592 1073 nostrum,
625 1001 675 1062 vel
702 1001 728 1060 si
761 1002 867 1062 omnia
895 1003 990 1081 plena
1014 1003 1077 1063 sint
1109 1004 1142 1063 in
1169 1005 1289 1065 mundo

206 1116 309 1189 linito,
340 1120 446 1177 tamen
470 1120 502 1177 et
521 1133 656 1177 vacuum
676 1117 739 1177 dici
768 1121 862 1195 queat
884 1119 915 1178 et
940 1117 1113 1178 inlinitum.
1141 1121 1181 1180 Ut
1203 1120 1288 1179 enim

206 1231 396 1293 mutationes
412 1224 599 1309 qualitatum
617 1232 770 1293 universae
788 1232 821 1292 in
842 1233 932 1292 linito
956 1233 1075 1294 circulo
1098 1233 1286 1294 circumvol-

205 1351 327 1418 vantur,
342 1363 443 1424 neque
453 1351 538 1408 extra
552 1350 653 1408 certos
669 1347 748 1407 lines
759 1346 933 1426 quidquam
946 1346 1081 1408 inveniri
1092 1348 1191 1425 possit
1202 1348 1286 1426 quod

205 1462 397 1540 percipiatur
415 1461 576 1535 sensibus,
600 1461 792 1541 cogitatione
812 1466 919 1523 tamen
940 1461 1165 1542 progredimur
1185 1463 1281 1534 ultra,

205 1594 307 1654 neque
327 1595 384 1637 nos
401 1577 540 1655 patimur
558 1577 590 1636 in
609 1578 711 1656 spatio
735 1578 799 1638 ullo
819 1578 869 1640 vel
888 1578 1027 1639 maximo
1046 1577 1182 1652 includi,
1209 1578 1285 1656 quin

205 1692 312 1752 statim
333 1693 457 1754 evolare
478 1709 637 1753 aveamus.
661 1695 746 1753 Duos
761 1693 857 1772 igitur
880 1693 1052 1754 exsistendi
1072 1694 1187 1754 modos
1209 1711 1282 1757 cum

204 1808 424 1868 constituerint
447 1797 562 1882 nostri,
583 1807 718 1869 alterum
736 1809 782 1868 rei
806 1825 844 1868 ex
862 1808 995 1870 materia
1016 1808 1183 1886 formaque
1208 1826 1284 1870 con-

204 1927 311 1998 cretae,
329 1924 463 1984 alterum
484 1923 593 1984 liberae
613 1923 786 2002 solutasque
818 1925 943 2000 formae,
968 1925 1037 1984 fieri
1067 1942 1162 2003 posse
1185 1925 1283 1985 intel-

204 2038 337 2116 legimus
357 2041 393 2098 ut
408 2042 589 2099 concretum
611 2038 750 2117 quidque
773 2057 811 2100 ex
831 2040 963 2100 materia
982 2056 1020 2100 ac
1040 2039 1141 2100 forma
1157 2041 1285 2102 linitum

204 2154 258 2227 sit,
278 2154 380 2214 forma
394 2157 499 2214 autem
522 2157 626 2231 pateat
644 2154 862 2225 ininfinitum.

244 2270 307 2329 Nec
321 2269 387 2346 jam
409 2269 580 2329 absurdum
595 2269 660 2330 ullo
681 2269 776 2330 modo
796 2269 889 2330 nobis
913 2269 1048 2340 videtur,
1072 2269 1211 2347 spatium
1226 2287 1281 2330 va-

203 2402 297 2445 cuum
309 2387 364 2445 aut
378 2401 447 2446 esse
462 2384 589 2456 alicubi,
606 2388 661 2445 aut
673 2385 785 2444 saltem
796 2388 903 2445 mente
915 2385 1048 2464 concipi.
1061 2387 1180 2445 Locum
1196 2385 1281 2444 enim

202 2503 233 2560 et
256 2501 472 2561 extensionem
495 2517 567 2561 cum
592 2500 636 2560 ita
659 2500 848 2561 definiamus
875 2503 910 2560 ut
938 2500 1076 2560 extensio
1097 2499 1239 2578 corporis
1265 2517 1282 2560 e

203 2617 436 2694 comparatione
451 2615 603 2694 partium,
619 2616 705 2676 locus
718 2619 824 2676 autem
839 2615 1101 2693 ecomparatione
1113 2632 1282 2694 corporum

202 2732 329 2806 oriatur,
351 2732 489 2809 spatium
510 2748 655 2792 vocamus
677 2730 755 2790 illud
781 2748 838 2809 per
857 2730 942 2809 quod
968 2730 1161 2808 comparatio
1188 2731 1223 2790 iit
1246 2748 1282 2790 ac

200 2849 349 2921 mutetur,
373 2847 564 2908 extensionis
583 2846 654 2906 dico
668 2845 882 2924 motionisque
899 2845 1131 2906 condicionem.
1148 2847 1284 2925 Corpora

201 2962 296 3040 igitur
308 2962 370 3022 duo
386 2963 411 3022 si
424 2963 467 3022 ita
481 2936 514 3020 in
528 2961 646 3022 mundo
660 2961 813 3040 disposita
825 2979 894 3022 esse
907 2961 1090 3022 finxerimus
1103 2965 1137 3022 ut
1149 2961 1237 3022 nulla
1248 2979 1282 3022 re

200 3079 385 3154 separentur
401 3095 471 3155 quae
488 3077 609 3155 percipi
626 3071 771 3138 sensibus
787 3077 888 3156 possit
905 3081 958 3138 aut
973 3077 1125 3155 qualitate
1144 3076 1208 3137 ulla
1223 3074 1279 3136 de-

200 3192 299 3267 finiri,
322 3196 497 3264 attamen,
522 3193 549 3252 si
569 3191 682 3270 nequis
699 3193 738 3252 ab
764 3191 824 3252 hoc
845 3192 885 3252 ad
909 3192 990 3253 illud
1003 3192 1136 3252 transire
1161 3191 1223 3251 nisi
1250 3195 1281 3252 te

200 3306 368 3380 movendo,
393 3324 466 3368 cum
488 3311 592 3369 motus
619 3307 770 3368 consistat
794 3307 827 3367 in
850 3308 1024 3369 mutatione
1050 3306 1278 3385 proportionis,

199 3428 336 3501 nequeat
358 3426 465 3483 autem
483 3423 599 3483 mutari
622 3422 707 3500 quod
721 3423 850 3483 omnino
864 3440 925 3482 non
942 3425 1004 3491 est,
1021 3424 1146 3499 oportet
1161 3425 1193 3481 et
1206 3437 1280 3500 pro·

200 3539 394 3617 portionem,
409 3541 440 3598 et
455 3538 669 3617 proportionis
685 3538 906 3609 mutationem,
922 3541 953 3598 et
970 3537 1192 3598 condicionem
1204 3553 1278 3614 pro-

200 3653 355 3732 portionis
369 3652 528 3714 mutandae
543 3652 662 3732 aliquid
675 3670 784 3714 revera
799 3670 867 3714 esse
886 3651 1049 3713 fateamur.
1073 3651 1162 3723 Quod
1172 3655 1278 3712 autem

199 3767 413 3846 proportionis
436 3768 643 3828 mutationem
666 3767 754 3840 facit,
781 3771 834 3828 aut
858 3769 969 3828 saltem
993 3766 1107 3845 recipit
1129 3766 1161 3825 in
1188 3783 1220 3825 se
1245 3783 1281 3825 ac

199 3883 327 3962 petitur,
348 3883 381 3943 id
394 3883 532 3962 spatium
546 3899 682 3944 vacuum
696 3883 903 3962 appellamus.
920 3881 1180 3942 percontantibus
1202 3897 1276 3958 ergo

199 3997 468 4078 quemadmodum
483 3997 563 4058 illud
576 3998 727 4058 exsistere
740 3998 841 4076 possit
854 3998 948 4076 quod,
967 3997 1128 4075 qualitatis
1144 3999 1279 4076 potesta-

198 4113 304 4191 tisque
318 4129 445 4192 expers,
460 4112 540 4174 nihil
555 4113 685 4173 omnino
700 4116 784 4191 agat,
801 4113 1030 4192 respondemus
1044 4112 1123 4173 duos
1139 4115 1207 4172 esse
1224 4128 1278 4172 ex-

201 4228 334 4289 sistendi
354 4227 483 4304 modos,
502 4228 650 4302 alterum,
667 4245 761 4306 quem
781 4227 950 4308 physicum
972 4227 1161 4300 dixerimus,
1179 4226 1225 4287 rei
1241 4243 1279 4286 ex
