3160 5054
569 543 612 592 Du
629 541 715 592 Loco
732 539 898 618 SENSERIT.
1243 545 1272 592 ru

191 701 304 764 eorpus
319 685 504 747 constituas.
524 688 603 763 Ergo
619 688 705 745 extra
724 683 888 744 materiam
906 687 937 744 et
955 684 1089 745 formam
1107 684 1195 746 loeus
1213 687 1271 746 est.

230 801 370 862 Tertium
386 801 426 862 de
442 803 590 880 quattuor
603 800 797 878 argumentis
813 799 846 858 in
860 798 943 861 huno
957 799 1108 862 modum:
1122 799 1154 860 Si
1169 800 1273 861 locum

192 917 273 978 intra
288 935 402 996 corpus
418 915 577 996 posueris,
595 915 682 976 loeus
694 932 766 976 cum
781 931 913 993 corpore
928 916 1123 990 movebitur;
1139 915 1275 976 mutabit

193 1033 287 1112 igitur
303 1033 391 1095 locus
409 1034 525 1094 locum.
544 1033 581 1092 At
601 1049 676 1092 vero
695 1035 817 1092 mutare
836 1030 943 1092 locum
964 1031 1053 1093 loeus
1072 1049 1136 1092 non
1155 1033 1273 1112 posset,

192 1149 254 1208 nisi
266 1149 334 1228 jam
347 1149 454 1210 locum
470 1148 637 1209 obtineret.
653 1149 727 1207 Esse
742 1149 849 1208 autem
862 1145 895 1207 in
910 1147 980 1208 loeo
995 1147 1100 1209 locum
1120 1147 1275 1209 Aristote-

192 1263 238 1324 les
252 1264 382 1325 omnino
396 1263 566 1324 absurdum
575 1248 741 1324 ‘existimat
751 1259 774 1322 ⁴.

232 1379 384 1452 Quartum
397 1379 534 1458 denique
546 1381 777 1457 argumentum,
790 1381 900 1457 utpote
911 1375 1086 1452 obscurius,
1099 1377 1131 1438 in
1142 1377 1275 1439 latinum

193 1495 327 1556 totidem
345 1495 451 1556 verbis
470 1497 687 1555 convertemus
711 1511 718 1554 :
742 1517 756 1548 «
776 1495 855 1555 Cum
872 1511 911 1554 ex
925 1511 996 1554 aere
1017 1495 1192 1572 aquatecta
1211 1497 1273 1568 est,

195 1634 209 1666 (ι
226 1611 321 1690 periit
333 1611 422 1672 loeus
439 1629 446 1672 :
464 1607 540 1671 'nam
560 1627 673 1690 corpus
689 1609 767 1671 illud
780 1609 864 1688 quod
882 1609 999 1672 laetum
1015 1595 1139 1671 estnon
1162 1609 1275 1672 eodem

196 1749 210 1781 «
226 1727 295 1788 loeo
310 1727 439 1806 potitur.
458 1726 538 1797 Ouid
558 1731 665 1787 autem
685 1729 733 1786 est
754 1725 899 1787 interitus
921 1724 1026 1786 loei²l
1050 1750 1065 1782 »
1086 1725 1275 1789 verisimilis

192 1843 321 1921 quidem
337 1841 495 1922 Simplicii
506 1841 725 1921 interpretatio
740 1859 747 1902 ε
763 1840 913 1904 imminui
927 1841 1180 1922 magnitudinem
1194 1843 1276 1920 aeris

193 1976 265 2020 oum
286 1977 323 2020 ex
337 1977 408 2020 aere
428 1960 481 2020 ssat
499 1977 594 2038 aqua;
614 1958 718 2037 perire
738 1957 835 2037 igitur
851 1957 913 2020 loei
933 1957 1069 2036 aliquid,
1085 1959 1111 2019 si
1128 1959 1218 2020 loeus
1235 1958 1277 2019 sit

192 2075 322 2136 materia
338 2077 393 2135 aut
408 2073 547 2149 lorma³;
570 2073 735 2134 interitum
748 2077 855 2134 autem
875 2069 939 2134 loei
958 2073 1046 2135 nullo
1066 2074 1162 2135 modo
1181 2091 1275 2153 posse

193 2190 346 2269 intellegi.
359 2189 548 2250 Existimant
559 2192 667 2250 tamen
682 2184 859 2251 Alexander
870 2187 882 2225 ⁴
895 2187 1174 2269 Philoponusque⁵
1187 2207 1276 2270 argu·

193 2310 335 2367 mentum
350 2306 436 2367 idad
451 2306 585 2366 sormam
604 2305 711 2385 potius
734 2323 831 2384 quam
856 2305 896 2366 ad
917 2306 1083 2368 materiam
1103 2307 1273 2386 pertinere,

192 2411 395 2484 Aristotelem
418 2421 515 2500 igitur
536 2421 567 2481 in
583 2421 663 2482 hano
682 2421 747 2482 iere
762 2421 950 2484 sententiam
962 2422 1149 2484 disseruisse
1173 2441 1180 2482 t
1204 2439 1276 2484 cum

193 2555 231 2598 ex
253 2555 325 2599 aere
343 2538 378 2598 lit
399 2555 494 2617 aqua,
514 2538 597 2618 perit
614 2537 696 2599 aeris
717 2538 832 2613 lorma;
855 2539 973 2618 periret
996 2539 1093 2618 igitur
1117 2540 1220 2611 loeus,
1249 2537 1275 2598 si

192 2651 297 2714 loeum
322 2669 379 2732 pro
400 2652 500 2713 torma
520 2653 665 2714 haberes.
690 2654 819 2715 Acutior
842 2653 973 2732 quidem
997 2672 1035 2716 ea
1056 2653 1274 2732 interpretatio

193 2772 257 2844 est,
276 2772 323 2842 et,
340 2772 376 2830 ut
394 2767 474 2828 milii
494 2769 750 2840 videtum-verbis
769 2769 960 2848 quibusdam
974 2769 1152 2832 Aristotelis
1172 2769 1274 2849 ipsius

223 3023 258 3086 (1)
276 3005 357 3086 Phys.
373 3025 419 3082 lv,
437 3027 491 3083 210,
507 3036 535 3081 υ,
552 3028 566 3072 5
586 3041 591 3072 :
608 3023 628 3072 el
645 3023 696 3072 δ’ἐν
716 3023 783 3088 αὐτῷ
799 3025 812 3073 ό
832 3023 906 3082 τόπος
923 3023 969 3088 (δεῖ
982 3023 1041 3090 γάρ,
1054 3025 1147 3092 εἷπερῆ
1165 3024 1273 3090 μορρὴῆ

192 3111 255 3174 ὕλη),
275 3109 346 3162 ἔσται
359 3111 458 3168 ότόπος
475 3112 500 3162 ἐν
514 3114 592 3176 τόπῳ·
606 3112 747 3176 μεταόάλλει
759 3112 805 3178 γὰρ
819 3113 871 3174 ἅμα
881 3115 917 3178 τῷ
927 3113 1053 3180 πράγματι
1063 3115 1104 3163 καὶ
1115 3119 1218 3164 κινεῖται
1233 3117 1274 3164 καὶ

193 3201 222 3250 τό
236 3201 299 3258 εἶδος
312 3201 393 3250 καὶτὸ
407 3200 530 3266 ἀόριστον,
543 3201 587 3250 οὐκ
603 3200 643 3251 ἀεὶ
654 3203 679 3251 ἐν
693 3206 728 3265 τῷ
744 3200 811 3264 αὐτῷ
826 3201 880 3251 ἀλλ’
895 3201 971 3268 οὗπερ
986 3204 1014 3252 τὸ
1029 3209 1138 3268 πρᾶγμα·
1152 3206 1217 3254 ὥστε
1230 3208 1274 3253 τοῦ

192 3291 270 3340 τόπου
286 3289 355 3340 ἔσται
368 3289 450 3347 τόπος.

225 3378 257 3442 (2)
273 3379 352 3443 Phys.
369 3381 414 3438 lv,
431 3384 485 3438 210,
501 3393 524 3438 a,
540 3382 555 3428 9
571 3397 577 3429 ι
594 3379 630 3430 ἔτι
641 3381 700 3430 όταν
713 3381 737 3438 ἐξ
749 3380 817 3446 ἀέρος
827 3382 895 3447 ὕδωρ
909 3381 1020 3444 γένηται,
1032 3381 1156 3432 ἀπόλωλεν
1168 3382 1181 3432 ό
1191 3381 1274 3439 τόπος·

193 3469 279 3535 οὐγὰρ
292 3469 316 3518 ἐν
328 3469 364 3532 τῷ
378 3469 446 3534 αὐτῷ
459 3469 528 3533 τόπῳ
538 3470 567 3519 τό
583 3472 711 3533 γενόμενον
724 3475 805 3535 σῶμα·
815 3469 850 3528 τίς
860 3469 928 3530 οὖνὴ
941 3472 1031 3537 φθοράς

222 3557 257 3621 (3)
274 3555 435 3621 Simplicius,
451 3557 492 3608 ed.
508 3556 591 3618 Diels,
606 3571 632 3622 p.
649 3561 709 3622 549,
724 3559 742 3609 l.
760 3566 787 3610 12
808 3579 813 3610 :
830 3561 888 3610 όταν
904 3561 950 3624 γὰρ
964 3561 988 3617 ἐξ
1005 3560 1072 3626 ἀέρος
1083 3561 1147 3627 ὕδωρ
1162 3562 1273 3624 γένηται,

193 3647 320 3698 τουτέστιν
338 3647 366 3696 ἐκ
387 3645 493 3711 μείζονος
512 3649 626 3712 σώματος
641 3648 760 3710 ἔλαττον,
779 3649 911 3700 ἀπόλλυται
928 3654 971 3700 τοῦ
988 3650 1066 3700 τόπου
1085 3650 1165 3716 μέρος·
1185 3651 1275 3716 οὐγὰρ

192 3737 310 3794 τοσοῦτός
323 3737 389 3787 ἐστιν
403 3738 417 3786 ό
430 3742 473 3786 τοῦ
487 3738 618 3801 γινομένου
632 3738 722 3796 ὕδατος
733 3738 823 3802 τόπος,
837 3740 893 3796 όσος
906 3739 935 3801 ἦν
947 3741 961 3788 ό
972 3743 1017 3790 τοῦ
1032 3738 1102 3812 ἀέρος
1115 3744 1157 3790 τοῦ
1170 3741 1204 3796 εἰς
1216 3739 1276 3790 αὐτὸ

194 3826 383 3888 μετοιόαλόντος.

225 3913 258 3979 (4)
273 3913 343 3964 Alex.
359 3929 397 3979 ap.
413 3915 512 3980 simpl,
526 3915 566 3966 ed.
582 3915 661 3976 Diels
675 3930 699 3980 p.
716 3921 776 3976 549,
790 3915 807 3967 l.
821 3921 852 3968 2ss
868 3935 873 3968 :
888 3918 945 3968 όταν
960 3919 1010 3968 τῶν
1025 3918 1148 3983 σωμάτων
1161 3921 1185 3968 αἱ
1200 3935 1275 3983 μετα·

193 4003 262 4052 6ολαὶ
274 4006 307 4062 εἰς
316 4005 377 4054 ἄλλοι
387 4006 494 4068 σώματα
504 4006 630 4069 γένωνται,
642 4005 767 4056 ἀπόλωλεν
777 4005 857 4056 αὐτῶν
867 4008 893 4057 τό
906 4008 968 4066 εἶδος
979 4009 1017 4070 (οὐ
1029 4007 1075 4074 γὰρ
1087 4008 1176 4058 ταύτόν
1187 4009 1275 4065 ὕδατος

196 4093 237 4140 καὶ
250 4091 339 4158 ἀέροςλ·
352 4095 373 4143 εἰ
387 4093 416 4154 δὴ
427 4096 455 4142 τό
466 4095 529 4152 εἶδος
543 4092 630 4154 τόπος,
645 4094 768 4145 ἀπόλωλεν
783 4095 864 4146 αὐτῶν
878 4099 891 4145 ό
903 4097 986 4154 τόπος.

225 4181 258 4245 (ό)
273 4181 381 4246 Philop,
402 4181 443 4232 ed.
457 4182 559 4243 Vitelli,
577 4197 602 4248 p.
618 4188 676 4242 526,
696 4183 713 4233 l.
733 4187 742 4233 t
761 4202 767 4235 :
783 4184 842 4236 όταν
860 4186 888 4236 τό
906 4187 971 4252 ὕδωρ
991 4186 1078 4251 erepet
1095 4186 1193 4251 γένηται
1212 4185 1276 4253 ἀήρ,

194 4270 324 4335 φθαρέντος
335 4276 379 4322 τοῦ
390 4273 468 4328 ελδους
483 4271 598 4339 ἔφθαρται
610 4273 723 4332 δηλονότι
733 4275 775 4324 καὶ
790 4275 803 4323 ὁ
817 4274 900 4332 τόπος.
