<?xml version="1.0" encoding="UTF-8"?>
<!DOCTYPE html PUBLIC "-//W3C//DTD XHTML 1.0 Transitional//EN"
    "http://www.w3.org/TR/xhtml1/DTD/xhtml1-transitional.dtd">
<html xmlns="http://www.w3.org/1999/xhtml" xml:lang="en" lang="en">
 <head>
  <title>
</title>
<meta http-equiv="Content-Type" content="text/html;charset=utf-8" />
  <meta name='ocr-system' content='tesseract 3.04.00' />
  <meta name='ocr-capabilities' content='ocr_page ocr_carea ocr_par ocr_line ocrx_word'/>
</head>
<body>
  <div class='ocr_page' id='page_1' title='image "./quidaristoteles00berggoog_0038.png"; bbox 0 0 3160 5054; ppageno 0'>
   <div class='ocr_carea' id='block_1_1' title="bbox 577 501 1282 558">
    <p class='ocr_par' dir='ltr' id='par_1_1' title="bbox 577 501 1282 558">
     <span class='ocr_line' id='line_1_1' title="bbox 577 501 1282 558; baseline 0.006 -4"><span class='ocrx_word' id='word_1_1' title='bbox 577 504 621 554; x_wconf 79' lang='lat' dir='ltr'>DE</span> <span class='ocrx_word' id='word_1_2' title='bbox 637 501 723 554; x_wconf 81' lang='lat' dir='ltr'>Loco</span> <span class='ocrx_word' id='word_1_3' title='bbox 740 503 904 555; x_wconf 69' lang='lat' dir='ltr'>sonentur.</span> <span class='ocrx_word' id='word_1_4' title='bbox 1253 512 1282 558; x_wconf 77' lang='lat'>27</span> 
     </span>
    </p>
   </div>
   <div class='ocr_carea' id='block_1_2' title="bbox 120 648 1346 3044">
    <p class='ocr_par' dir='ltr' id='par_1_2' title="bbox 120 648 1346 2928">
     <span class='ocr_line' id='line_1_2' title="bbox 240 648 1283 730; baseline 0.001 -19"><span class='ocrx_word' id='word_1_5' title='bbox 240 648 816 730; x_wconf 71' lang='grc'>03111110301101111313311311311,</span> <span class='ocrx_word' id='word_1_6' title='bbox 831 652 939 710; x_wconf 85' lang='lat' dir='ltr'>eontra</span> <span class='ocrx_word' id='word_1_7' title='bbox 954 648 1032 710; x_wconf 91' lang='lat' dir='ltr'>istos</span> <span class='ocrx_word' id='word_1_8' title='bbox 1044 667 1127 711; x_wconf 86' lang='lat' dir='ltr'>nuno</span> <span class='ocrx_word' id='word_1_9' title='bbox 1142 650 1283 722; x_wconf 72' lang='lat' dir='ltr'>dicturus</span> 
     </span>
     <span class='ocr_line' id='line_1_3' title="bbox 201 759 1283 844; baseline 0.002 -17"><span class='ocrx_word' id='word_1_10' title='bbox 201 770 249 828; x_wconf 88' lang='lat' dir='ltr'>est</span> <span class='ocrx_word' id='word_1_11' title='bbox 263 765 466 840; x_wconf 79' lang='lat' dir='ltr'>AristoteleS,</span> <span class='ocrx_word' id='word_1_12' title='bbox 490 765 546 844; x_wconf 88' lang='lat' dir='ltr'>qui</span> <span class='ocrx_word' id='word_1_13' title='bbox 571 780 703 844; x_wconf 82' lang='lat' dir='ltr'>corporo</span> <span class='ocrx_word' id='word_1_14' title='bbox 721 781 785 825; x_wconf 91' lang='lat' dir='ltr'>non</span> <span class='ocrx_word' id='word_1_15' title='bbox 799 763 863 824; x_wconf 91' lang='lat' dir='ltr'>nisi</span> <span class='ocrx_word' id='word_1_16' title='bbox 883 765 916 825; x_wconf 92' lang='lat' dir='ltr'>in</span> <span class='ocrx_word' id='word_1_17' title='bbox 933 764 1034 844; x_wconf 84' lang='lat' dir='ltr'>spatio</span> <span class='ocrx_word' id='word_1_18' title='bbox 1056 759 1141 826; x_wconf 83' lang='lat' dir='ltr'>in‘eni</span> <span class='ocrx_word' id='word_1_19' title='bbox 1163 768 1283 829; x_wconf 87' lang='lat' dir='ltr'>moveri</span> 
     </span>
     <span class='ocr_line' id='line_1_4' title="bbox 200 864 1282 962; baseline 0.001 -20"><span class='ocrx_word' id='word_1_20' title='bbox 200 899 293 962; x_wconf 87' lang='lat' dir='ltr'>posse</span> <span class='ocrx_word' id='word_1_21' title='bbox 307 881 499 942; x_wconf 80' lang='lat' dir='ltr'>existimant.</span> <span class='ocrx_word' id='word_1_22' title='bbox 517 880 658 942; x_wconf 89' lang='lat' dir='ltr'>Primum</span> <span class='ocrx_word' id='word_1_23' title='bbox 676 879 781 960; x_wconf 85' lang='lat' dir='ltr'>igitur,</span> <span class='ocrx_word' id='word_1_24' title='bbox 797 864 869 942; x_wconf 85' lang='lat' dir='ltr'>oum</span> <span class='ocrx_word' id='word_1_25' title='bbox 882 879 967 940; x_wconf 83' lang='lat' dir='ltr'>varia</span> <span class='ocrx_word' id='word_1_26' title='bbox 986 881 1049 941; x_wconf 92' lang='lat' dir='ltr'>sint</span> <span class='ocrx_word' id='word_1_27' title='bbox 1064 881 1214 943; x_wconf 88' lang='lat' dir='ltr'>motionis</span> <span class='ocrx_word' id='word_1_28' title='bbox 1226 900 1282 960; x_wconf 84' lang='lat' dir='ltr'>ge-</span> 
     </span>
     <span class='ocr_line' id='line_1_5' title="bbox 200 995 1282 1076; baseline 0 -18"><span class='ocrx_word' id='word_1_29' title='bbox 200 1015 288 1068; x_wconf 82' lang='lat' dir='ltr'>nero,</span> <span class='ocrx_word' id='word_1_30' title='bbox 306 997 481 1058; x_wconf 91' lang='lat' dir='ltr'>motionem</span> <span class='ocrx_word' id='word_1_31' title='bbox 496 997 607 1058; x_wconf 80' lang='lat' dir='ltr'>saltem</span> <span class='ocrx_word' id='word_1_32' title='bbox 622 995 723 1068; x_wconf 85' lang='lat' dir='ltr'>illam,</span> <span class='ocrx_word' id='word_1_33' title='bbox 737 1013 807 1075; x_wconf 84' lang='lat' dir='ltr'>quae</span> <span class='ocrx_word' id='word_1_34' title='bbox 826 995 943 1058; x_wconf 89' lang='lat' dir='ltr'>dicitur</span> <span class='ocrx_word' id='word_1_35' title='bbox 955 995 1130 1058; x_wconf 80' lang='lat' dir='ltr'>secundum</span> <span class='ocrx_word' id='word_1_36' title='bbox 1145 997 1282 1076; x_wconf 87' lang='lat' dir='ltr'>qualita-</span> 
     </span>
     <span class='ocr_line' id='line_1_6' title="bbox 201 1111 1282 1192; baseline 0.003 -19"><span class='ocrx_word' id='word_1_37' title='bbox 201 1116 281 1187; x_wconf 87' lang='lat' dir='ltr'>tem,</span> <span class='ocrx_word' id='word_1_38' title='bbox 297 1113 347 1174; x_wconf 90' lang='lat' dir='ltr'>vel</span> <span class='ocrx_word' id='word_1_39' title='bbox 363 1113 396 1173; x_wconf 93' lang='lat' dir='ltr'>in</span> <span class='ocrx_word' id='word_1_40' title='bbox 415 1113 510 1192; x_wconf 87' lang='lat' dir='ltr'>pleno</span> <span class='ocrx_word' id='word_1_41' title='bbox 526 1112 595 1173; x_wconf 87' lang='lat' dir='ltr'>lieri</span> <span class='ocrx_word' id='word_1_42' title='bbox 610 1129 703 1190; x_wconf 86' lang='lat' dir='ltr'>posse</span> <span class='ocrx_word' id='word_1_43' title='bbox 719 1111 795 1172; x_wconf 84' lang='lat' dir='ltr'>setis</span> <span class='ocrx_word' id='word_1_44' title='bbox 811 1112 1013 1191; x_wconf 86' lang='lat' dir='ltr'>perspicuum</span> <span class='ocrx_word' id='word_1_45' title='bbox 1029 1115 1077 1172; x_wconf 90' lang='lat' dir='ltr'>est</span> <span class='ocrx_word' id='word_1_46' title='bbox 1096 1131 1103 1173; x_wconf 93' lang='lat'>:</span> <span class='ocrx_word' id='word_1_47' title='bbox 1124 1112 1156 1173; x_wconf 92' lang='lat' dir='ltr'>id</span> <span class='ocrx_word' id='word_1_48' title='bbox 1175 1116 1282 1176; x_wconf 84' lang='lat' dir='ltr'>tamen</span> 
     </span>
     <span class='ocr_line' id='line_1_7' title="bbox 201 1201 1329 1312; baseline 0.001 -23"><span class='ocrx_word' id='word_1_49' title='bbox 201 1225 361 1290; x_wconf 83' lang='lat' dir='ltr'>Melissum</span> <span class='ocrx_word' id='word_1_50' title='bbox 375 1227 487 1307; x_wconf 79' lang='lat' dir='ltr'>iugit⁴.</span> <span class='ocrx_word' id='word_1_51' title='bbox 508 1229 609 1288; x_wconf 92' lang='lat' dir='ltr'>Immo</span> <span class='ocrx_word' id='word_1_52' title='bbox 628 1227 738 1302; x_wconf 85' lang='lat' dir='ltr'>etiam,</span> <span class='ocrx_word' id='word_1_53' title='bbox 755 1245 794 1288; x_wconf 89' lang='lat' dir='ltr'>ne</span> <span class='ocrx_word' id='word_1_54' title='bbox 817 1227 863 1287; x_wconf 95' lang='lat' dir='ltr'>illi</span> <span class='ocrx_word' id='word_1_55' title='bbox 886 1201 1017 1306; x_wconf 67' lang='lat' dir='ltr'>nuidem</span> <span class='ocrx_word' id='word_1_56' title='bbox 1036 1227 1186 1302; x_wconf 86' lang='lat' dir='ltr'>motioni,</span> <span class='ocrx_word' id='word_1_57' title='bbox 1210 1247 1281 1308; x_wconf 83' lang='lat' dir='ltr'>quae</span> <span class='ocrx_word' id='word_1_58' title='bbox 1326 1308 1329 1312; x_wconf 20' lang='grc' dir='ltr'><strong><em>Ι</em></strong></span> 
     </span>
     <span class='ocr_line' id='line_1_8' title="bbox 200 1334 1346 1423; baseline 0.002 -19"><span class='ocrx_word' id='word_1_59' title='bbox 200 1343 374 1406; x_wconf 88' lang='lat' dir='ltr'>seeundum</span> <span class='ocrx_word' id='word_1_60' title='bbox 394 1344 501 1406; x_wconf 86' lang='lat' dir='ltr'>locum</span> <span class='ocrx_word' id='word_1_61' title='bbox 522 1344 567 1416; x_wconf 85' lang='lat' dir='ltr'>fit,</span> <span class='ocrx_word' id='word_1_62' title='bbox 588 1343 802 1405; x_wconf 82' lang='lat' dir='ltr'>necessarium</span> <span class='ocrx_word' id='word_1_63' title='bbox 822 1343 888 1404; x_wconf 90' lang='lat' dir='ltr'>ullo</span> <span class='ocrx_word' id='word_1_64' title='bbox 912 1342 1008 1404; x_wconf 90' lang='lat' dir='ltr'>modo</span> <span class='ocrx_word' id='word_1_65' title='bbox 1029 1344 1166 1423; x_wconf 85' lang='lat' dir='ltr'>spatium</span> <span class='ocrx_word' id='word_1_66' title='bbox 1188 1345 1281 1406; x_wconf 83' lang='lat' dir='ltr'>inane</span> <span class='ocrx_word' id='word_1_67' title='bbox 1343 1334 1346 1340; x_wconf 69' lang='grc'>’</span> 
     </span>
     <span class='ocr_line' id='line_1_9' title="bbox 201 1459 1283 1538; baseline 0 -18"><span class='ocrx_word' id='word_1_68' title='bbox 201 1477 269 1520; x_wconf 85' lang='lat' dir='ltr'>esse</span> <span class='ocrx_word' id='word_1_69' title='bbox 289 1459 476 1521; x_wconf 83' lang='lat' dir='ltr'>dixerimus.·</span> <span class='ocrx_word' id='word_1_70' title='bbox 490 1483 504 1515; x_wconf 89' lang='lat'>«</span> <span class='ocrx_word' id='word_1_71' title='bbox 523 1459 660 1524; x_wconf 83' lang='lat' dir='ltr'><strong>Possunt</strong></span> <span class='ocrx_word' id='word_1_72' title='bbox 676 1459 762 1520; x_wconf 87' lang='lat' dir='ltr'>enim</span> <span class='ocrx_word' id='word_1_73' title='bbox 783 1459 844 1520; x_wconf 85' lang='lat' dir='ltr'>alia</span> <span class='ocrx_word' id='word_1_74' title='bbox 866 1459 938 1520; x_wconf 88' lang='lat' dir='ltr'>aliis</span> <span class='ocrx_word' id='word_1_75' title='bbox 960 1459 1129 1520; x_wconf 89' lang='lat' dir='ltr'>suooedere</span> <span class='ocrx_word' id='word_1_76' title='bbox 1151 1477 1283 1538; x_wconf 82' lang='lat' dir='ltr'>corpora</span> 
     </span>
     <span class='ocr_line' id='line_1_10' title="bbox 201 1574 1281 1656; baseline 0.004 -24"><span class='ocrx_word' id='word_1_77' title='bbox 201 1598 215 1631; x_wconf 92' lang='lat'>«</span> <span class='ocrx_word' id='word_1_78' title='bbox 230 1593 299 1654; x_wconf 81' lang='lat' dir='ltr'>quae</span> <span class='ocrx_word' id='word_1_79' title='bbox 314 1579 492 1648; x_wconf 87' lang='lat' dir='ltr'>moventur,</span> <span class='ocrx_word' id='word_1_80' title='bbox 507 1593 580 1637; x_wconf 90' lang='lat' dir='ltr'>cum</span> <span class='ocrx_word' id='word_1_81' title='bbox 596 1575 717 1636; x_wconf 87' lang='lat' dir='ltr'>nullom</span> <span class='ocrx_word' id='word_1_82' title='bbox 733 1575 774 1636; x_wconf 90' lang='lat' dir='ltr'>sit</span> <span class='ocrx_word' id='word_1_83' title='bbox 791 1579 907 1654; x_wconf 85' lang='lat' dir='ltr'>praetor</span> <span class='ocrx_word' id='word_1_84' title='bbox 921 1593 958 1636; x_wconf 84' lang='lat' dir='ltr'>eo</span> <span class='ocrx_word' id='word_1_85' title='bbox 973 1574 1175 1636; x_wconf 84' lang='lat' dir='ltr'>intervallum</span> <span class='ocrx_word' id='word_1_86' title='bbox 1191 1593 1281 1656; x_wconf 83' lang='lat' dir='ltr'>sepa-</span> 
     </span>
     <span class='ocr_line' id='line_1_11' title="bbox 202 1691 1283 1779; baseline 0.006 -32"><span class='ocrx_word' id='word_1_87' title='bbox 202 1714 216 1746; x_wconf 88' lang='lat'>«</span> <span class='ocrx_word' id='word_1_88' title='bbox 230 1695 342 1762; x_wconf 80' lang='lat' dir='ltr'>ratum,</span> <span class='ocrx_word' id='word_1_89' title='bbox 358 1691 442 1770; x_wconf 92' lang='lat' dir='ltr'>quod</span> <span class='ocrx_word' id='word_1_90' title='bbox 457 1692 662 1779; x_wconf 77' lang='lat' dir='ltr'>menifestum</span> <span class='ocrx_word' id='word_1_91' title='bbox 678 1694 726 1752; x_wconf 86' lang='lat' dir='ltr'>est</span> <span class='ocrx_word' id='word_1_92' title='bbox 738 1691 812 1751; x_wconf 88' lang='lat' dir='ltr'>etin</span> <span class='ocrx_word' id='word_1_93' title='bbox 827 1708 934 1752; x_wconf 85' lang='lat' dir='ltr'>rerum</span> <span class='ocrx_word' id='word_1_94' title='bbox 949 1691 1187 1765; x_wconf 83' lang='lat' dir='ltr'>continuarum,</span> <span class='ocrx_word' id='word_1_95' title='bbox 1203 1691 1283 1754; x_wconf 86' lang='lat' dir='ltr'>siout</span> 
     </span>
     <span class='ocr_line' id='line_1_12' title="bbox 200 1805 1281 1879; baseline 0 -11"><span class='ocrx_word' id='word_1_96' title='bbox 200 1829 214 1862; x_wconf 77' lang='grc' dir='ltr'><strong>α</strong></span> <span class='ocrx_word' id='word_1_97' title='bbox 229 1807 261 1868; x_wconf 91' lang='lat' dir='ltr'>in</span> <span class='ocrx_word' id='word_1_98' title='bbox 285 1807 478 1879; x_wconf 82' lang='lat' dir='ltr'>umidarum,</span> <span class='ocrx_word' id='word_1_99' title='bbox 503 1805 793 1868; x_wconf 74' lang='lat' dir='ltr'>conversionibus2.</span> <span class='ocrx_word' id='word_1_100' title='bbox 821 1830 835 1862; x_wconf 82' lang='grc' dir='ltr'><strong>ν</strong></span> <span class='ocrx_word' id='word_1_101' title='bbox 855 1806 1073 1868; x_wconf 84' lang='lat' dir='ltr'>Aristotelium</span> <span class='ocrx_word' id='word_1_102' title='bbox 1093 1806 1180 1868; x_wconf 88' lang='lat' dir='ltr'>huno</span> <span class='ocrx_word' id='word_1_103' title='bbox 1209 1825 1281 1868; x_wconf 84' lang='lat' dir='ltr'>son-</span> 
     </span>
     <span class='ocr_line' id='line_1_13' title="bbox 200 1922 1282 2001; baseline -0.001 -18"><span class='ocrx_word' id='word_1_104' title='bbox 200 1939 270 1984; x_wconf 87' lang='lat' dir='ltr'>sum</span> <span class='ocrx_word' id='word_1_105' title='bbox 285 1924 312 1983; x_wconf 89' lang='lat' dir='ltr'>si</span> <span class='ocrx_word' id='word_1_106' title='bbox 325 1923 404 1984; x_wconf 88' lang='lat' dir='ltr'>velis</span> <span class='ocrx_word' id='word_1_107' title='bbox 414 1923 614 2001; x_wconf 81' lang='lat' dir='ltr'>intellegere,</span> <span class='ocrx_word' id='word_1_108' title='bbox 630 1923 761 1983; x_wconf 83' lang='lat' dir='ltr'>anulum</span> <span class='ocrx_word' id='word_1_109' title='bbox 772 1922 848 1982; x_wconf 89' lang='lat' dir='ltr'>inre</span> <span class='ocrx_word' id='word_1_110' title='bbox 862 1922 963 1982; x_wconf 84' lang='lat' dir='ltr'>solida</span> <span class='ocrx_word' id='word_1_111' title='bbox 976 1922 1186 2001; x_wconf 82' lang='lat' dir='ltr'>continuaque</span> <span class='ocrx_word' id='word_1_112' title='bbox 1202 1923 1282 1984; x_wconf 92' lang='lat' dir='ltr'>deli-</span> 
     </span>
     <span class='ocr_line' id='line_1_14' title="bbox 199 2037 1281 2118; baseline 0.002 -20"><span class='ocrx_word' id='word_1_113' title='bbox 199 2057 267 2099; x_wconf 81' lang='grc'>133.</span> <span class='ocrx_word' id='word_1_114' title='bbox 280 2039 311 2100; x_wconf 88' lang='lat' dir='ltr'>Si</span> <span class='ocrx_word' id='word_1_115' title='bbox 324 2039 367 2100; x_wconf 88' lang='grc'>113</span> <span class='ocrx_word' id='word_1_116' title='bbox 383 2057 415 2098; x_wconf 90' lang='lat' dir='ltr'>se</span> <span class='ocrx_word' id='word_1_117' title='bbox 431 2039 592 2100; x_wconf 81' lang='lat' dir='ltr'>convolvat</span> <span class='ocrx_word' id='word_1_118' title='bbox 606 2037 720 2098; x_wconf 83' lang='lat' dir='ltr'>anulus</span> <span class='ocrx_word' id='word_1_119' title='bbox 735 2041 770 2099; x_wconf 90' lang='lat' dir='ltr'>ut</span> <span class='ocrx_word' id='word_1_120' title='bbox 784 2041 890 2118; x_wconf 85' lang='lat' dir='ltr'>portes</span> <span class='ocrx_word' id='word_1_121' title='bbox 901 2038 1046 2100; x_wconf 83' lang='lat' dir='ltr'>invicem</span> <span class='ocrx_word' id='word_1_122' title='bbox 1059 2039 1195 2117; x_wconf 81' lang='lat' dir='ltr'>partium</span> <span class='ocrx_word' id='word_1_123' title='bbox 1211 2056 1281 2100; x_wconf 88' lang='lat' dir='ltr'>suo-</span> 
     </span>
     <span class='ocr_line' id='line_1_15' title="bbox 199 2153 1279 2234; baseline 0 -18"><span class='ocrx_word' id='word_1_124' title='bbox 199 2155 310 2216; x_wconf 77' lang='lat' dir='ltr'>cedent</span> <span class='ocrx_word' id='word_1_125' title='bbox 321 2201 328 2227; x_wconf 90' lang='lat'>,</span> <span class='ocrx_word' id='word_1_126' title='bbox 341 2155 409 2215; x_wconf 79' lang='lat' dir='ltr'>sieri</span> <span class='ocrx_word' id='word_1_127' title='bbox 427 2158 532 2234; x_wconf 84' lang='lat' dir='ltr'>potest</span> <span class='ocrx_word' id='word_1_128' title='bbox 547 2158 581 2215; x_wconf 90' lang='lat' dir='ltr'>ut</span> <span class='ocrx_word' id='word_1_129' title='bbox 596 2158 769 2228; x_wconf 84' lang='lat' dir='ltr'>moveatur,</span> <span class='ocrx_word' id='word_1_130' title='bbox 785 2155 873 2215; x_wconf 92' lang='lat' dir='ltr'>nullo</span> <span class='ocrx_word' id='word_1_131' title='bbox 892 2154 967 2214; x_wconf 85' lang='lat' dir='ltr'>dato</span> <span class='ocrx_word' id='word_1_132' title='bbox 989 2153 1152 2215; x_wconf 83' lang='lat' dir='ltr'>intervallo</span> <span class='ocrx_word' id='word_1_133' title='bbox 1168 2173 1279 2216; x_wconf 80' lang='lat' dir='ltr'>vocuo.</span> 
     </span>
     <span class='ocr_line' id='line_1_16' title="bbox 120 2269 1282 2349; baseline -0.001 -18"><span class='ocrx_word' id='word_1_134' title='bbox 120 2311 123 2316; x_wconf 84' lang='lat'><em>-</em></span> <span class='ocrx_word' id='word_1_135' title='bbox 199 2271 289 2331; x_wconf 84' lang='lat' dir='ltr'>Haud</span> <span class='ocrx_word' id='word_1_136' title='bbox 308 2270 446 2330; x_wconf 84' lang='lat' dir='ltr'>absimili</span> <span class='ocrx_word' id='word_1_137' title='bbox 462 2270 558 2331; x_wconf 93' lang='lat' dir='ltr'>modo</span> <span class='ocrx_word' id='word_1_138' title='bbox 574 2273 719 2332; x_wconf 87' lang='lat' dir='ltr'>movetur</span> <span class='ocrx_word' id='word_1_139' title='bbox 734 2269 830 2349; x_wconf 89' lang='lat' dir='ltr'>pisois</span> <span class='ocrx_word' id='word_1_140' title='bbox 847 2269 881 2330; x_wconf 93' lang='lat' dir='ltr'>in</span> <span class='ocrx_word' id='word_1_141' title='bbox 899 2287 1003 2348; x_wconf 84' lang='lat' dir='ltr'>aqua:</span> <span class='ocrx_word' id='word_1_142' title='bbox 1023 2288 1095 2348; x_wconf 72' lang='lat' dir='ltr'>quoe</span> <span class='ocrx_word' id='word_1_143' title='bbox 1111 2287 1182 2332; x_wconf 88' lang='lat' dir='ltr'>oum</span> <span class='ocrx_word' id='word_1_144' title='bbox 1197 2271 1282 2332; x_wconf 87' lang='lat' dir='ltr'>intus</span> 
     </span>
     <span class='ocr_line' id='line_1_17' title="bbox 199 2386 1282 2466; baseline 0.002 -20"><span class='ocrx_word' id='word_1_145' title='bbox 199 2386 292 2465; x_wconf 84' lang='lat' dir='ltr'>plena</span> <span class='ocrx_word' id='word_1_146' title='bbox 307 2387 362 2461; x_wconf 89' lang='lat' dir='ltr'>sit,</span> <span class='ocrx_word' id='word_1_147' title='bbox 377 2387 577 2465; x_wconf 78' lang='lat' dir='ltr'>superficiem</span> <span class='ocrx_word' id='word_1_148' title='bbox 597 2389 702 2446; x_wconf 83' lang='lat' dir='ltr'>autem</span> <span class='ocrx_word' id='word_1_149' title='bbox 715 2386 855 2464; x_wconf 72' lang='lat' dir='ltr'>praebeat</span> <span class='ocrx_word' id='word_1_150' title='bbox 871 2386 1053 2461; x_wconf 79' lang='lat' dir='ltr'>immotam,</span> <span class='ocrx_word' id='word_1_151' title='bbox 1070 2389 1196 2466; x_wconf 81' lang='lat' dir='ltr'>oportet</span> <span class='ocrx_word' id='word_1_152' title='bbox 1210 2405 1282 2448; x_wconf 87' lang='lat' dir='ltr'>cum</span> 
     </span>
     <span class='ocr_line' id='line_1_18' title="bbox 198 2501 1281 2582; baseline 0 -20"><span class='ocrx_word' id='word_1_153' title='bbox 198 2503 284 2582; x_wconf 87' lang='lat' dir='ltr'>pisce</span> <span class='ocrx_word' id='word_1_154' title='bbox 304 2501 479 2576; x_wconf 76' lang='lat' dir='ltr'>cohaerere,</span> <span class='ocrx_word' id='word_1_155' title='bbox 504 2505 538 2562; x_wconf 93' lang='lat' dir='ltr'>ut</span> <span class='ocrx_word' id='word_1_156' title='bbox 558 2501 600 2562; x_wconf 81' lang='lat' dir='ltr'>ita</span> <span class='ocrx_word' id='word_1_157' title='bbox 623 2501 740 2573; x_wconf 81' lang='lat' dir='ltr'>dicam,</span> <span class='ocrx_word' id='word_1_158' title='bbox 763 2501 915 2562; x_wconf 87' lang='lat' dir='ltr'>oiroulum</span> <span class='ocrx_word' id='word_1_159' title='bbox 937 2501 1095 2579; x_wconf 83' lang='lat' dir='ltr'>quendam</span> <span class='ocrx_word' id='word_1_160' title='bbox 1115 2519 1205 2580; x_wconf 84' lang='lat' dir='ltr'>aquae</span> <span class='ocrx_word' id='word_1_161' title='bbox 1226 2503 1281 2580; x_wconf 91' lang='lat' dir='ltr'>qui</span> 
     </span>
     <span class='ocr_line' id='line_1_19' title="bbox 198 2616 1282 2696; baseline 0.002 -20"><span class='ocrx_word' id='word_1_162' title='bbox 198 2617 280 2678; x_wconf 87' lang='lat' dir='ltr'>intra</span> <span class='ocrx_word' id='word_1_163' title='bbox 303 2617 511 2696; x_wconf 83' lang='lat' dir='ltr'>semetipsum</span> <span class='ocrx_word' id='word_1_164' title='bbox 533 2618 772 2696; x_wconf 80' lang='lat' dir='ltr'>circumagatur.</span> <span class='ocrx_word' id='word_1_165' title='bbox 796 2617 874 2678; x_wconf 80' lang='lat' dir='ltr'>Cum</span> <span class='ocrx_word' id='word_1_166' title='bbox 897 2633 971 2678; x_wconf 86' lang='lat' dir='ltr'>vero</span> <span class='ocrx_word' id='word_1_167' title='bbox 994 2616 1062 2677; x_wconf 86' lang='lat' dir='ltr'>haec</span> <span class='ocrx_word' id='word_1_168' title='bbox 1084 2616 1194 2678; x_wconf 86' lang='lat' dir='ltr'>eadem</span> <span class='ocrx_word' id='word_1_169' title='bbox 1218 2617 1282 2678; x_wconf 89' lang='lat' dir='ltr'>dioi</span> 
     </span>
     <span class='ocr_line' id='line_1_20' title="bbox 198 2714 1280 2812; baseline -0.001 -18"><span class='ocrx_word' id='word_1_170' title='bbox 198 2714 313 2812; x_wconf 80' lang='lat' dir='ltr'>queant</span> <span class='ocrx_word' id='word_1_171' title='bbox 328 2732 367 2794; x_wconf 90' lang='lat' dir='ltr'>de</span> <span class='ocrx_word' id='word_1_172' title='bbox 386 2733 541 2794; x_wconf 83' lang='lat' dir='ltr'>elemento</span> <span class='ocrx_word' id='word_1_173' title='bbox 558 2733 703 2811; x_wconf 86' lang='lat' dir='ltr'>quolibet</span> <span class='ocrx_word' id='word_1_174' title='bbox 717 2732 870 2794; x_wconf 85' lang='lat' dir='ltr'>mobilem</span> <span class='ocrx_word' id='word_1_175' title='bbox 894 2750 962 2793; x_wconf 89' lang='lat' dir='ltr'>rem</span> <span class='ocrx_word' id='word_1_176' title='bbox 987 2731 1186 2808; x_wconf 86' lang='lat' dir='ltr'>continente,</span> <span class='ocrx_word' id='word_1_177' title='bbox 1201 2733 1280 2793; x_wconf 93' lang='lat' dir='ltr'>nihil</span> 
     </span>
     <span class='ocr_line' id='line_1_21' title="bbox 198 2848 988 2928; baseline -0.003 -18"><span class='ocrx_word' id='word_1_178' title='bbox 198 2853 245 2910; x_wconf 80' lang='lat' dir='ltr'>est</span> <span class='ocrx_word' id='word_1_179' title='bbox 259 2867 314 2910; x_wconf 88' lang='lat' dir='ltr'>our</span> <span class='ocrx_word' id='word_1_180' title='bbox 327 2850 527 2911; x_wconf 84' lang='lat' dir='ltr'>intervallum</span> <span class='ocrx_word' id='word_1_181' title='bbox 545 2866 679 2910; x_wconf 83' lang='lat' dir='ltr'>vacuum</span> <span class='ocrx_word' id='word_1_182' title='bbox 694 2852 782 2911; x_wconf 91' lang='lat' dir='ltr'>motu</span> <span class='ocrx_word' id='word_1_183' title='bbox 797 2848 988 2928; x_wconf 89' lang='lat' dir='ltr'>postuletur.</span> 
     </span>
    </p>

    <p class='ocr_par' dir='ltr' id='par_1_3' title="bbox 237 2964 1282 3044">
     <span class='ocr_line' id='line_1_22' title="bbox 237 2964 1282 3044; baseline -0.001 -19"><span class='ocrx_word' id='word_1_184' title='bbox 237 2967 300 3025; x_wconf 87' lang='lat' dir='ltr'>Neo</span> <span class='ocrx_word' id='word_1_185' title='bbox 312 2965 377 3044; x_wconf 84' lang='lat' dir='ltr'>jam</span> <span class='ocrx_word' id='word_1_186' title='bbox 392 2965 531 3024; x_wconf 83' lang='lat' dir='ltr'>firmiora</span> <span class='ocrx_word' id='word_1_187' title='bbox 548 2964 602 3024; x_wconf 89' lang='grc'>1113</span> <span class='ocrx_word' id='word_1_188' title='bbox 618 2967 802 3042; x_wconf 85' lang='lat' dir='ltr'>argumenta</span> <span class='ocrx_word' id='word_1_189' title='bbox 812 2966 901 3037; x_wconf 89' lang='lat' dir='ltr'>sunt,</span> <span class='ocrx_word' id='word_1_190' title='bbox 916 2981 988 3041; x_wconf 85' lang='lat' dir='ltr'>quae</span> <span class='ocrx_word' id='word_1_191' title='bbox 1004 2981 1041 3024; x_wconf 87' lang='lat' dir='ltr'>ex</span> <span class='ocrx_word' id='word_1_192' title='bbox 1060 2964 1237 3025; x_wconf 86' lang='lat' dir='ltr'>oooretione</span> <span class='ocrx_word' id='word_1_193' title='bbox 1250 2967 1282 3024; x_wconf 86' lang='lat' dir='ltr'>et</span> 
     </span>
    </p>
   </div>
   <div class='ocr_carea' id='block_1_3' title="bbox 196 3073 1280 3274">
    <p class='ocr_par' dir='ltr' id='par_1_4' title="bbox 196 3073 1280 3274">
     <span class='ocr_line' id='line_1_23' title="bbox 196 3073 1280 3159; baseline 0.001 -19"><span class='ocrx_word' id='word_1_194' title='bbox 196 3081 408 3140; x_wconf 80' lang='lat' dir='ltr'>contractione</span> <span class='ocrx_word' id='word_1_195' title='bbox 427 3097 595 3159; x_wconf 81' lang='lat' dir='ltr'>corporum</span> <span class='ocrx_word' id='word_1_196' title='bbox 615 3079 792 3140; x_wconf 80' lang='lat' dir='ltr'>eliciuntur.</span> <span class='ocrx_word' id='word_1_197' title='bbox 815 3073 1067 3139; x_wconf 74' lang='lat' dir='ltr'>Contrahi&#39;enim</span> <span class='ocrx_word' id='word_1_198' title='bbox 1086 3097 1202 3158; x_wconf 83' lang='lat' dir='ltr'>eorpus</span> <span class='ocrx_word' id='word_1_199' title='bbox 1223 3098 1280 3158; x_wconf 92' lang='lat' dir='ltr'>po-</span> 
     </span>
     <span class='ocr_line' id='line_1_24' title="bbox 197 3194 1280 3274; baseline 0 -19"><span class='ocrx_word' id='word_1_200' title='bbox 197 3196 283 3266; x_wconf 88' lang='lat' dir='ltr'>terit,</span> <span class='ocrx_word' id='word_1_201' title='bbox 303 3195 462 3268; x_wconf 83' lang='lat' dir='ltr'>sinerem,</span> <span class='ocrx_word' id='word_1_202' title='bbox 478 3195 615 3274; x_wconf 84' lang='lat' dir='ltr'>exempli</span> <span class='ocrx_word' id='word_1_203' title='bbox 630 3194 744 3273; x_wconf 82' lang='lat' dir='ltr'>gratia,</span> <span class='ocrx_word' id='word_1_204' title='bbox 759 3195 916 3255; x_wconf 83' lang='lat' dir='ltr'>inclusum</span> <span class='ocrx_word' id='word_1_205' title='bbox 939 3195 1082 3272; x_wconf 80' lang='lat' dir='ltr'>ejecerit,</span> <span class='ocrx_word' id='word_1_206' title='bbox 1105 3212 1179 3255; x_wconf 87' lang='lat' dir='ltr'>oum</span> <span class='ocrx_word' id='word_1_207' title='bbox 1200 3195 1280 3256; x_wconf 92' lang='lat' dir='ltr'>nihil</span> 
     </span>
    </p>
   </div>
   <div class='ocr_carea' id='block_1_4' title="bbox 197 3311 1280 3505">
    <p class='ocr_par' dir='ltr' id='par_1_5' title="bbox 197 3311 1280 3505">
     <span class='ocr_line' id='line_1_25' title="bbox 197 3311 1280 3390; baseline -0.002 -18"><span class='ocrx_word' id='word_1_208' title='bbox 197 3311 325 3372; x_wconf 92' lang='lat' dir='ltr'>omnino</span> <span class='ocrx_word' id='word_1_209' title='bbox 344 3328 478 3372; x_wconf 84' lang='lat' dir='ltr'>vacuum</span> <span class='ocrx_word' id='word_1_210' title='bbox 493 3311 579 3370; x_wconf 88' lang='lat' dir='ltr'>intus</span> <span class='ocrx_word' id='word_1_211' title='bbox 601 3311 725 3372; x_wconf 81' lang='lat' dir='ltr'>haheat.</span> <span class='ocrx_word' id='word_1_212' title='bbox 747 3333 762 3366; x_wconf 88' lang='lat'>«</span> <span class='ocrx_word' id='word_1_213' title='bbox 784 3311 910 3372; x_wconf 86' lang='lat' dir='ltr'>Gresoet</span> <span class='ocrx_word' id='word_1_214' title='bbox 925 3328 1073 3390; x_wconf 77' lang='lat' dir='ltr'>quoque,</span> <span class='ocrx_word' id='word_1_215' title='bbox 1090 3329 1153 3371; x_wconf 92' lang='lat' dir='ltr'>non</span> <span class='ocrx_word' id='word_1_216' title='bbox 1178 3311 1280 3372; x_wconf 88' lang='lat' dir='ltr'>solum</span> 
     </span>
     <span class='ocr_line' id='line_1_26' title="bbox 199 3425 1279 3505; baseline 0.005 -24"><span class='ocrx_word' id='word_1_217' title='bbox 199 3451 213 3482; x_wconf 84' lang='lat'>«</span> <span class='ocrx_word' id='word_1_218' title='bbox 230 3442 360 3505; x_wconf 80' lang='lat' dir='ltr'>corpore</span> <span class='ocrx_word' id='word_1_219' title='bbox 374 3427 481 3504; x_wconf 85' lang='lat' dir='ltr'>aliquo</span> <span class='ocrx_word' id='word_1_220' title='bbox 497 3425 710 3504; x_wconf 85' lang='lat' dir='ltr'>ingrediente,</span> <span class='ocrx_word' id='word_1_221' title='bbox 727 3426 782 3486; x_wconf 87' lang='lat' dir='ltr'>sod</span> <span class='ocrx_word' id='word_1_222' title='bbox 801 3426 896 3486; x_wconf 82' lang='lat' dir='ltr'>etiam</span> <span class='ocrx_word' id='word_1_223' title='bbox 913 3426 1108 3500; x_wconf 85' lang='lat' dir='ltr'>mutatione,</span> <span class='ocrx_word' id='word_1_224' title='bbox 1125 3427 1239 3500; x_wconf 87' lang='lat' dir='ltr'>veluti,</span> <span class='ocrx_word' id='word_1_225' title='bbox 1254 3426 1279 3487; x_wconf 90' lang='lat' dir='ltr'>si</span> 
     </span>
    </p>
   </div>
   <div class='ocr_carea' id='block_1_5' title="bbox 195 3691 1281 4292">
    <p class='ocr_par' dir='ltr' id='par_1_6' title="bbox 195 3691 1280 3936">
     <span class='ocr_line' id='line_1_27' title="bbox 227 3691 1279 3756; baseline 0.003 -14"><span class='ocrx_word' id='word_1_226' title='bbox 227 3693 260 3756; x_wconf 87' lang='lat' dir='ltr'>(l)</span> <span class='ocrx_word' id='word_1_227' title='bbox 275 3691 357 3756; x_wconf 72' lang='lat' dir='ltr'>Pitye.</span> <span class='ocrx_word' id='word_1_228' title='bbox 373 3693 416 3752; x_wconf 90' lang='lat' dir='ltr'>lv,</span> <span class='ocrx_word' id='word_1_229' title='bbox 431 3695 484 3752; x_wconf 76' lang='lat'>214,</span> <span class='ocrx_word' id='word_1_230' title='bbox 500 3705 524 3752; x_wconf 81' lang='lat' dir='ltr'>e,</span> <span class='ocrx_word' id='word_1_231' title='bbox 539 3697 569 3740; x_wconf 87' lang='lat'>25</span> <span class='ocrx_word' id='word_1_232' title='bbox 585 3710 591 3742; x_wconf 93' lang='lat'><strong>:</strong></span> <span class='ocrx_word' id='word_1_233' title='bbox 607 3692 709 3756; x_wconf 84' lang='grc' dir='ltr'><strong>οὐδεμία</strong></span> <span class='ocrx_word' id='word_1_234' title='bbox 719 3692 743 3741; x_wconf 83' lang='grc' dir='ltr'>δ’</span> <span class='ocrx_word' id='word_1_235' title='bbox 760 3693 867 3756; x_wconf 78' lang='grc' dir='ltr'>ἀνάγκη,</span> <span class='ocrx_word' id='word_1_236' title='bbox 886 3694 907 3744; x_wconf 81' lang='grc' dir='ltr'>εἰ</span> <span class='ocrx_word' id='word_1_237' title='bbox 921 3693 1013 3752; x_wconf 83' lang='grc' dir='ltr'><strong>κίνησις</strong></span> <span class='ocrx_word' id='word_1_238' title='bbox 1026 3693 1095 3753; x_wconf 78' lang='grc' dir='ltr'><strong>ἔστι,</strong></span> <span class='ocrx_word' id='word_1_239' title='bbox 1118 3693 1183 3744; x_wconf 82' lang='grc' dir='ltr'><strong>εἶναι</strong></span> <span class='ocrx_word' id='word_1_240' title='bbox 1201 3692 1279 3746; x_wconf 80' lang='grc' dir='ltr'><strong>κενόν.</strong></span> 
     </span>
     <span class='ocr_line' id='line_1_28' title="bbox 195 3779 1280 3845; baseline 0 -13"><span class='ocrx_word' id='word_1_241' title='bbox 195 3782 273 3838; x_wconf 65' lang='lat' dir='ltr'>”Olore</span> <span class='ocrx_word' id='word_1_242' title='bbox 289 3782 331 3845; x_wconf 82' lang='grc' dir='ltr'>μὲν</span> <span class='ocrx_word' id='word_1_243' title='bbox 349 3781 391 3832; x_wconf 81' lang='grc' dir='ltr'>οὗν</span> <span class='ocrx_word' id='word_1_244' title='bbox 403 3779 483 3840; x_wconf 75' lang='grc' dir='ltr'>πάσης</span> <span class='ocrx_word' id='word_1_245' title='bbox 496 3782 615 3840; x_wconf 81' lang='grc' dir='ltr'><strong>κινήσεως</strong></span> <span class='ocrx_word' id='word_1_246' title='bbox 632 3783 760 3844; x_wconf 78' lang='grc' dir='ltr'>οὐδαμῶς,</span> <span class='ocrx_word' id='word_1_247' title='bbox 775 3783 813 3832; x_wconf 84' lang='grc' dir='ltr'>διὸ</span> <span class='ocrx_word' id='word_1_248' title='bbox 827 3783 868 3832; x_wconf 82' lang='grc' dir='ltr'>καὶ</span> <span class='ocrx_word' id='word_1_249' title='bbox 882 3783 1004 3834; x_wconf 82' lang='grc' dir='ltr'>Μέλισσον</span> <span class='ocrx_word' id='word_1_250' title='bbox 1020 3782 1113 3832; x_wconf 78' lang='grc' dir='ltr'><strong>ἔλαθεν·</strong></span> <span class='ocrx_word' id='word_1_251' title='bbox 1128 3781 1280 3834; x_wconf 82' lang='grc' dir='ltr'><strong>ἀλλοιοῦσθαι</strong></span> 
     </span>
     <span class='ocr_line' id='line_1_29' title="bbox 195 3870 974 3936; baseline -0.001 -17"><span class='ocrx_word' id='word_1_252' title='bbox 195 3870 242 3936; x_wconf 84' lang='grc' dir='ltr'>γὰρ</span> <span class='ocrx_word' id='word_1_253' title='bbox 256 3871 285 3920; x_wconf 85' lang='grc' dir='ltr'>τὸ</span> <span class='ocrx_word' id='word_1_254' title='bbox 299 3872 386 3934; x_wconf 81' lang='grc' dir='ltr'>πλῆρες</span> <span class='ocrx_word' id='word_1_255' title='bbox 403 3870 534 3935; x_wconf 83' lang='grc' dir='ltr'><strong>ἐνδέχεται.</strong></span> <span class='ocrx_word' id='word_1_256' title='bbox 972 3873 974 3876; x_wconf 84' lang='grc'><strong>’</strong></span> 
     </span>
    </p>

    <p class='ocr_par' dir='ltr' id='par_1_7' title="bbox 196 3944 1281 4292">
     <span class='ocr_line' id='line_1_30' title="bbox 227 3944 1280 4025; baseline 0.003 -18"><span class='ocrx_word' id='word_1_257' title='bbox 227 3958 260 4024; x_wconf 75' lang='grc'>11)</span> <span class='ocrx_word' id='word_1_258' title='bbox 280 3959 360 4022; x_wconf 77' lang='lat' dir='ltr'>Ptys.</span> <span class='ocrx_word' id='word_1_259' title='bbox 375 3961 420 4020; x_wconf 88' lang='lat' dir='ltr'>lv,</span> <span class='ocrx_word' id='word_1_260' title='bbox 439 3963 493 4017; x_wconf 83' lang='grc'>211,</span> <span class='ocrx_word' id='word_1_261' title='bbox 509 3971 532 4018; x_wconf 80' lang='lat' dir='ltr'>a,</span> <span class='ocrx_word' id='word_1_262' title='bbox 549 3961 578 4008; x_wconf 87' lang='lat'>28</span> <span class='ocrx_word' id='word_1_263' title='bbox 595 3977 600 4010; x_wconf 94' lang='lat'>:</span> <span class='ocrx_word' id='word_1_264' title='bbox 619 3959 680 4010; x_wconf 79' lang='grc' dir='ltr'>ἀλλὰ</span> <span class='ocrx_word' id='word_1_265' title='bbox 695 3961 724 4020; x_wconf 82' lang='grc' dir='ltr'>δὴ</span> <span class='ocrx_word' id='word_1_266' title='bbox 744 3960 801 4011; x_wconf 82' lang='grc' dir='ltr'><strong>οὐδὲ</strong></span> <span class='ocrx_word' id='word_1_267' title='bbox 820 3962 863 4021; x_wconf 77' lang='grc' dir='ltr'>τὴν</span> <span class='ocrx_word' id='word_1_268' title='bbox 879 3959 945 4010; x_wconf 84' lang='grc' dir='ltr'><strong>κατὰ</strong></span> <span class='ocrx_word' id='word_1_269' title='bbox 958 3944 1033 4010; x_wconf 70' lang='grc' dir='ltr'><strong>τόπον</strong></span> <span class='ocrx_word' id='word_1_270' title='bbox 1051 3959 1155 4021; x_wconf 84' lang='grc' dir='ltr'><strong>κίνησιν·</strong></span> <span class='ocrx_word' id='word_1_271' title='bbox 1170 3961 1222 4025; x_wconf 82' lang='grc' dir='ltr'>ἅμα</span> <span class='ocrx_word' id='word_1_272' title='bbox 1235 3962 1280 4025; x_wconf 82' lang='grc' dir='ltr'>γὰρ</span> 
     </span>
     <span class='ocr_line' id='line_1_31' title="bbox 196 4048 1281 4116; baseline 0.002 -18"><span class='ocrx_word' id='word_1_273' title='bbox 196 4048 318 4113; x_wconf 75' lang='grc' dir='ltr'><strong>ἐνδέχεται</strong></span> <span class='ocrx_word' id='word_1_274' title='bbox 331 4049 453 4103; x_wconf 81' lang='grc' dir='ltr'><strong>ὑπεξιέναι</strong></span> <span class='ocrx_word' id='word_1_275' title='bbox 469 4048 586 4110; x_wconf 76' lang='grc' dir='ltr'><strong>ἀλλήλοις,</strong></span> <span class='ocrx_word' id='word_1_276' title='bbox 603 4050 699 4106; x_wconf 78' lang='grc' dir='ltr'><strong>οὐδενὸς</strong></span> <span class='ocrx_word' id='word_1_277' title='bbox 713 4049 779 4108; x_wconf 80' lang='grc' dir='ltr'><strong>ὄντος</strong></span> <span class='ocrx_word' id='word_1_278' title='bbox 793 4051 955 4113; x_wconf 80' lang='grc' dir='ltr'><strong>διαστήματος</strong></span> <span class='ocrx_word' id='word_1_279' title='bbox 968 4055 1091 4116; x_wconf 81' lang='grc' dir='ltr'><strong>χωριστοῦ</strong></span> <span class='ocrx_word' id='word_1_280' title='bbox 1106 4050 1172 4115; x_wconf 81' lang='grc' dir='ltr'><strong>παρὰ</strong></span> <span class='ocrx_word' id='word_1_281' title='bbox 1185 4050 1215 4100; x_wconf 80' lang='grc' dir='ltr'>τὰ</span> <span class='ocrx_word' id='word_1_282' title='bbox 1229 4052 1281 4100; x_wconf 85' lang='grc' dir='ltr'>σώ-</span> 
     </span>
     <span class='ocr_line' id='line_1_32' title="bbox 198 4137 1279 4208; baseline 0.004 -22"><span class='ocrx_word' id='word_1_283' title='bbox 198 4153 264 4201; x_wconf 80' lang='grc' dir='ltr'><strong>ματα</strong></span> <span class='ocrx_word' id='word_1_284' title='bbox 277 4137 307 4186; x_wconf 76' lang='grc' dir='ltr'>τὰ</span> <span class='ocrx_word' id='word_1_285' title='bbox 320 4137 459 4201; x_wconf 76' lang='grc' dir='ltr'><strong>κινούμενα.</strong></span> <span class='ocrx_word' id='word_1_286' title='bbox 478 4139 523 4187; x_wconf 84' lang='grc' dir='ltr'>Καὶ</span> <span class='ocrx_word' id='word_1_287' title='bbox 534 4143 606 4190; x_wconf 81' lang='grc' dir='ltr'><strong>τοῦτο</strong></span> <span class='ocrx_word' id='word_1_288' title='bbox 620 4139 691 4198; x_wconf 73' lang='grc' dir='ltr'><strong>δῆλον</strong></span> <span class='ocrx_word' id='word_1_289' title='bbox 704 4141 745 4190; x_wconf 81' lang='grc' dir='ltr'>καὶ</span> <span class='ocrx_word' id='word_1_290' title='bbox 759 4141 783 4189; x_wconf 86' lang='grc' dir='ltr'>ὲν</span> <span class='ocrx_word' id='word_1_291' title='bbox 798 4145 850 4196; x_wconf 84' lang='grc' dir='ltr'><strong>ταῖς</strong></span> <span class='ocrx_word' id='word_1_292' title='bbox 864 4144 911 4190; x_wconf 80' lang='grc' dir='ltr'>τῶν</span> <span class='ocrx_word' id='word_1_293' title='bbox 926 4141 1036 4204; x_wconf 83' lang='grc' dir='ltr'><strong>συνεχῶν</strong></span> <span class='ocrx_word' id='word_1_294' title='bbox 1049 4138 1132 4200; x_wconf 81' lang='grc' dir='ltr'>δίναις,</span> <span class='ocrx_word' id='word_1_295' title='bbox 1144 4141 1227 4208; x_wconf 81' lang='grc' dir='ltr'>ὥσπερ</span> <span class='ocrx_word' id='word_1_296' title='bbox 1238 4141 1279 4190; x_wconf 86' lang='grc' dir='ltr'>καὶ</span> 
     </span>
     <span class='ocr_line' id='line_1_33' title="bbox 198 4226 459 4292; baseline 0.004 -17"><span class='ocrx_word' id='word_1_297' title='bbox 198 4226 291 4282; x_wconf 81' lang='grc' dir='ltr'><strong>ἐντοῖς</strong></span> <span class='ocrx_word' id='word_1_298' title='bbox 305 4231 353 4276; x_wconf 85' lang='grc' dir='ltr'>τῶν</span> <span class='ocrx_word' id='word_1_299' title='bbox 368 4227 459 4292; x_wconf 76' lang='grc' dir='ltr'><strong>ὑγρῶν.</strong></span> 
     </span>
    </p>
   </div>
   <div class='ocr_carea' id='block_1_6' title="bbox 0 0 1584 5054">
    <p class='ocr_par' dir='ltr' id='par_1_8' title="bbox 0 0 1584 5054">
     <span class='ocr_line' id='line_1_34' title="bbox 0 0 1584 5054; baseline 0 1"><span class='ocrx_word' id='word_1_300' title='bbox 0 0 1584 5054; x_wconf 95' lang='lat' dir='ltr'> </span> 
     </span>
    </p>
   </div>
  </div>
 </body>
</html>
